4913 6618
1523 604 1676 789 {ds
1709 755 1741 808 ,
1772 708 2034 816 quam
2065 694 2425 784 Latinos
2462 752 2486 779 .
2543 690 2752 781 Non
2785 666 3222 779 'infimum
3247 745 3278 795 ‚
3307 708 3549 782 recte
3593 682 3880 779 subdit
3925 717 4130 782 mox
4152 692 4324 783 lau.

1522 824 1770 914 datus
1833 826 2170 913 Auctor
2203 882 2239 927 ,
2266 839 2879 940 argumentum
2936 847 3097 933 pro
3140 822 3530 907 novitate
3554 839 4086 932 punctorum
4116 850 4325 935 sup-

1520 951 1921 1069 peditant
1974 953 2382 1061 antiquae
2439 952 2876 1035 versiones
2911 1005 2941 1047 ‚
2967 943 3346 1032 Graecae
3380 1004 3411 1051 ,
3444 943 3947 1031 Chaldaicae
3981 1005 4010 1049 ‚
4043 947 4328 1059 Syria-

1523 1100 1679 1164 cae
1730 1076 1891 1163 ἃς.
1945 1105 2047 1161 ex
2103 1076 2412 1188 quibus
2475 1078 3033 1187 perspicuum
3081 1090 3211 1156 est
3262 1073 3372 1155 ob
3438 1069 3876 1157 defectum
3943 1093 4331 1183 puncto-

1520 1229 1723 1287 rum
1765 1258 1799 1307 9
1830 1229 2083 1290 voces
2129 1197 2536 1312 quasdam
2602 1202 3153 1315 ambiguitate
3188 1197 3594 1281 laborasse
3661 1228 3691 1298 ς
3762 1193 4001 1280 unde
4078 1200 4331 1287 aliter

1520 1329 2067 1441 interpretati
2125 1345 2334 1410 sunt
2396 1321 2921 1409 Versionum
2989 1328 3347 1407 istarum
3409 1342 3793 1407 auctores
3816 1377 3848 1424 ,
3877 1350 4141 1431 quam
4165 1323 4327 1409 ho-

1520 1447 1664 1536 die
1732 1456 1822 1536 in
1886 1455 2322 1566 punctatis
2381 1446 2845 1536 Codicibus
2889 1451 3250 1564 legimus
3288 1480 3310 1529 2
3349 1450 3581 1530 inter
3612 1447 3786 1531 illas
3820 1505 3852 1549 ‚
3884 1443 4327 1537 diversitas

1517 1578 1762 1662 nulla
1816 1576 2169 1682 fuisset,
2202 1581 2272 1660 si
2325 1577 2569 1659 aliter
2627 1602 2814 1660 non
2876 1575 3281 1689 legissent
3315 1631 3346 1677 ,
3408 1600 3674 1683 quam
3740 1576 3834 1654 in
3889 1570 4329 1663 hodiernis

1514 1703 2138 1816 exemplaribus
2194 1704 2557 1816 legImus
2614 1757 2638 1781 .
2704 1700 2899 1783 Hoc
2966 1703 3274 1807 passim
3345 1697 3805 1783 observant
3859 1699 4023 1784 viri
4088 1697 4324 1787 docti

1514 1827 1614 1908 in
1672 1829 2320 1912 commentariis
2377 1828 2548 1908 suis
2609 1883 2639 1927 ,
2699 1825 3052 1933 aliisque
3117 1825 3456 1933 scriptis
3516 1880 3547 1924 ‚
3610 1822 3852 1933 plura
3931 1827 4322 1939 exempla

1514 1970 2024 2064 promentes
2078 1978 2183 2034 ex
2239 1953 2781 2065 septuaginta
2840 1948 3456 2058 Interpretibus
3489 2005 3522 2048 ‚
3554 1950 3701 2030 ubi
3766 1946 4118 2034 eaedem
4170 1954 4321 2035 lit-

1509 2092 1750 2163 terae
1808 2078 2153 2159 sublatis
2194 2080 2549 2188 punctis
2578 2134 2605 2176 ‚
2640 2094 2823 2157 tam
2878 2078 3265 2186 ipsorum
3320 2070 3726 2155 Versioni
3795 2129 3826 2175 ‚
3881 2103 4150 2185 quam
4201 2076 4322 2160 le.

1511 2204 1794 2287 ctioni
1842 2198 2309 2285 hodiernae
2367 2202 2788 2286 inservire
2853 2215 3220 2310 possunt
3255 2257 3276 2279 .
3318 2193 3714 2313 Contigit
3765 2202 4028 2284 etiam
4092 2199 4323 2285 Ver-

1506 2329 1849 2410 sionem
1905 2322 2325 2411 Graecam
2380 2322 2578 2410 ideo
2632 2322 3050 2408 diversam
3122 2349 3303 2406 esse
3377 2351 3426 2406 a
3502 2321 4064 2409 Versionibus
4130 2326 4318 2411 He-

1506 2451 1814 2535 braicis
1876 2508 1907 2553 ‚
1971 2480 2191 2563 quae
2237 2469 2432 2563 post
2489 2466 2947 2563 punctatos
3013 2444 3376 2533 Codices
3442 2470 3694 2532 cusae
3760 2466 3972 2533 sunt
4024 2506 4056 2554 ,
4118 2455 4324 2562 quia

1504 2578 1702 2658 sine
1764 2575 1937 2658 ulla
1989 2604 2403 2662 versuum
2442 2633 2472 2678 ,
2504 2574 2593 2662 81
2640 2573 3130 2659 dictionum
3182 2570 3746 2658 distinctione
3773 2631 3804 2676 ,
3844 2575 4054 2659 olim
4128 2577 4322 2662 He·-

1502 2699 1740 2783 braei
1795 2697 2159 2786 Codices
2209 2700 2849 2786 scribebantur:
2923 2698 3190 2781 Prout
3253 2722 3461 2812 ergo
3490 2699 4006 2809 interpretes
4045 2696 4319 2786 Grae-

1501 2828 1590 2912 ci
1655 2826 1883 2910 hanc
1948 2828 2088 2912 vel
2146 2829 2519 2911 litteram
2588 2882 2619 2929 ‚
2676 2825 2818 2911 vel
2887 2848 3200 2907 vocem
3276 2821 3670 2908 referunt
3755 2820 3862 2906 ad
3929 2820 4016 2905 id
4081 2823 4321 2937 quod

1498 2947 1938 3065 praecedit
1974 3008 2004 3055 ‚
2030 2969 2181 3036 aut
2220 2949 2326 3036 ad
2394 2943 2488 3035 id
2542 2948 2776 3061 quod
2838 2949 3383 3059 subsequitur
3410 3005 3440 3051 ‚
3468 2950 4157 3059 interpretantur
4189 2948 4319 3037 di-

1497 3072 1985 3161 versimode
2047 3079 2153 3162 ab
2217 3071 2655 3161 hodiernis
2700 3075 3315 3186 interpretibus
3352 3131 3383 3176 ,
3417 3077 3573 3183 qui
3625 3096 3876 3159 nunc
3934 3094 4315 3165 utuntur

1496 3197 1963 3284 Codicibus
1995 3257 2028 3305 ,
2063 3206 2159 3284 in
2233 3201 2540 3312 quibus
2605 3198 2770 3284 fixa
2834 3214 2965 3283 est
3027 3225 3438 3284 versuum
3470 3197 3612 3300 ,ἃ
3665 3197 4153 3287 dictionum
4187 3201 4315 3289 ‹li-

1491 3328 1860 3409 stinctio
1894 3383 1959 3429 „
1996 3384 2018 3407 .
2081 3327 2592 3410 Munsterus
2658 3385 2691 3431 ‚
2755 3327 3116 3411 Drusius
3165 3383 3195 3430 ,
3260 3321 3757 3411 Ludovicus
3821 3324 4213 3441 Cappelli
4274 3387 4310 3437 ‚

1495 3450 1973 3535 Waltonus
2017 3449 2348 3567 Proleg.
2387 3452 2525 3533 111.
2592 3452 2689 3537 in
2777 3452 3043 3537 Biblia
3137 3450 3590 3565 Poliglotta
3644 3507 3675 3552 ‚
3733 3449 4143 3537 Morinus
4209 3456 4354 3554 in,

1490 3577 2084 3662 exercitatiori.
2144 3578 2360 3662 Bibl.
2424 3593 2646 3667 xvn.
2704 3601 3016 3664 omnes
3070 3592 3307 3659 stant
3363 3602 3528 3686 pro
3580 3596 4114 3689 punctorum
4149 3608 4308 3666 no-

1489 3705 1761 3788 vitate
1796 3759 1818 3782 .
1870 3703 2214 3787 Horum
2264 3723 2654 3788 auctores
2720 3697 3205 3786 creduntur
3250 3696 3551 3815 Judaei
3617 3700 4103 3790 academiae
4155 3706 4307 3791 Ti-

1482 3824 1845 3913 beriadis
1904 3822 2332 3914 Doctores
2371 3886 2401 3930 ‚
2436 3827 2542 3911 ad
2598 3828 2870 3909 finem
2924 3827 3272 3909 circiter
3329 3844 3746 3943 vergente
3779 3832 4116 3914 saeculo
4145 3830 4303 3918 Ec·

1478 3954 1786 4039 clesiae
1836 3969 2149 4059 quarto
2182 4007 2206 4030 .
2245 3951 2493 4060 Opus
2526 3953 2669 4032 isti
2703 3950 3247 4033 elaborarunt
3283 3954 3801 4067 inscriptum
3832 3953 4242 4041 Massora
4270 4013 4307 4064 ‚

1478 4072 1728 4160 unde
1794 4071 1882 4159 ἃ
1932 4071 2455 4158 Massoretae
2510 4072 2726 4160 dicti
2787 4092 2997 4159 sunt
3031 4132 3055 4157 .
3119 4075 3503 4161 Massora
3558 4080 3826 4163 latine
3909 4082 4307 4169 Traditio

1479 4228 1534 4285 a
1586 4196 2030 4284 Buxtorfio
2084 4196 2454 4286 dicitur:
2495 4198 2890 4287 doctrina
2949 4205 3247 4287 critica
3302 4204 3533 4289 circa
3609 4224 3940 4291 rectam
4008 4207 4308 4294 lectio-

1477 4349 1695 4413 nem
1727 4379 1760 4429 ,
1791 4324 1880 4410 81
1934 4329 2506 4437 scriptionem
2557 4328 2883 4413 Textus
2933 4329 3336 4415 Hebraici
3393 4328 3701 4415 Sacrae
3755 4333 4246 4446 Scripturae
4269 4393 4298 4421 .

1471 4450 1576 4533 ln
1636 4453 1908 4536 hocce
1970 4477 2238 4563 opere
2292 4472 2632 4563 praeter
2694 4470 3229 4565 punctorum
3292 4457 3726 4543 vocalium
3762 4516 3793 4561 ‚
3825 4457 3914 4544 81
3977 4489 4300 4547 accen-

1464 4591 1729 4665 tuum
1781 4602 2040 4660 usum
2074 4634 2105 4679 ‚
2139 4583 3041 4689 accuratissimamque
3093 4583 3634 4696 singulorum
3683 4611 4098 4668 versuum
4155 4613 4301 4669 re·-

1464 4704 1996 4786 censionem
2042 4704 2729 4815 uniuscujusque
2781 4704 3031 4806 libri,
3059 4708 3338 4792 variae
3410 4705 3867 4792 adnotatae
3931 4708 4299 4801 fuerunt

1465 4824 1907 4910 Codicum
1963 4825 2385 4912 lectiones
2412 4887 2442 4934 ‚
2478 4854 2803 4940 eaeque
2848 4835 3350 4940 praesertim
3405 4860 3661 4919 voces
3688 4890 3718 4934 ‚
3746 4860 3963 4943 quae
3987 4893 4016 4937 ,
4050 4836 4301 4924 aliter

1463 4975 1568 5035 ac
1622 4955 1730 5034 in
1799 4968 2048 5037 textu
2107 4957 2707 5065 exprimantur
2736 5010 2766 5056 ‚
2830 4953 3240 5073 legendae
3301 4976 3511 5045 sunt
3547 5015 3571 5039 .
3634 4953 3729 5039 Id
3791 4966 4292 5069 praestitere

1458 5100 1621 5192 per
1681 5078 2191 5194 marginales
2236 5098 2491 5168 notas
2519 5138 2555 5191 2
2580 5081 2890 5198 quibus
2951 5076 3272 5170 admon
3281 5101 3476 5171 etur
3520 5082 3792 5172 lector
3820 5141 3856 5193 ,
3883 5114 3996 5170 an
4065 5115 4288 5171 mar-

3990 5215 4217 5328 ginis
4247 5271 4293 5328 2
