4913 6618
1466 597 1720 784 {tant
1751 749 1782 798 ‚
1844 690 2117 778 sicubi
2137 692 2232 776 in
2266 687 2505 777 hisce
2565 687 3054 778 exorbitent
3081 747 3114 797 ‚
3169 684 3534 776 fideliter
3584 713 3767 776 esse
3816 690 4265 811 corrigen-

1473 819 1625 906 dos
1665 877 1688 902 .
1750 820 2177 933 Quinimo
2233 821 2722 937 generatim
2782 813 3317 906 admittimus
3347 818 3756 904 Latinam
3799 818 4270 910 lectionem

1469 944 1824 1034 Graecis
1889 945 2413 1032 variantibus
2479 971 2661 1030 esse
2714 942 3426 1058 anteponendam
3451 976 3478 1029 ε
3543 941 3685 1030 Sic
3716 940 3931 1031 dum
3958 943 4275 1062 legitur

1470 1073 1535 1156 1.
1578 1071 1975 1158 Corinth.
2027 1097 2216 1184 cap.
2254 1088 2407 1162 xv.
2473 1099 2564 1158 v.
2605 1097 2758 1185 47.
2827 1069 2864 1151 ὅ
2931 1065 3226 1172 aprio-oc
3280 1066 3636 1191 ἃντςωπος
3670 1072 3751 1153 ἔτι
3785 1106 3919 1183 ‘7¹⁸⁶
3965 1068 4269 1182 χοῖιός·

1476 1196 1514 1280 ὅ
1567 1194 1881 1318 oiscingas
1939 1191 2290 1312 ἃντρωπος
2340 1196 2378 1279 ὁ
2430 1192 2657 1311 Κύριος
2707 1197 2785 1309 ἐξ
2843 1200 3052 1311 ripam?
3093 1224 3117 1248 ·
3184 1198 3533 1283 Primus
3576 1195 3831 1283 homo
3886 1199 3996 1282 cle
4029 1217 4271 1284 terra
4317 1274 4322 1279 .

1469 1343 1862 1409 terrenus
1895 1382 1927 1428 ,
1987 1325 2416 1409 secundus
2467 1323 2723 1409 homo
2784 1322 3214 1410 Dominus
3276 1325 3386 1408 cle
3444 1321 3696 1407 Coelo
3732 1352 3764 1426 ;
3809 1319 4273 1412 retinenda

1468 1468 1603 1536 est
1651 1447 1913 1536 lectio
1963 1445 2383 1565 Vulgatae
2413 1505 2450 1554 ,
2510 1451 2631 1533 ita
2684 1475 2774 1533 se
2835 1447 3216 1534 habens:
3282 1449 3632 1534 Primus
3659 1445 3916 1533 homo
3948 1450 4056 1535 cle
4087 1470 4267 1537 ter-

1464 1601 1575 1659 ra
1634 1592 2026 1659 terrenus
2052 1628 2087 1679 ‚
2148 1577 2577 1661 secundus
2626 1575 2880 1662 homo
2942 1574 3053 1658 cle
3103 1574 3353 1660 Coelo
3384 1570 3827 1657 coelestis:
3899 1569 4267 1663 Graeco-

1464 1726 1665 1784 rum
1725 1703 2055 1813 quippe
2107 1697 2430 1787 lection
2441 1727 2588 1786 em
2665 1730 2716 1787 a
2786 1698 3245 1785 Marcione
3316 1703 3891 1810 excogitatam
3977 1705 4275 1792 asserit

1466 1824 2049 1910 Tertullianus
2100 1826 2247 1909 lib.
2277 1846 2368 1915 v.
2433 1842 2742 1913 contra
2802 1826 3353 1912 Marcionem
3413 1881 3447 1929 ‚
3505 1822 3594 1910 ἅ
3654 1821 4067 1942 Vulgatae
4124 1824 4271 1915 ad·

1462 1948 1758 2037 haeret
1809 1950 1896 2035 S.
1929 1953 2026 2037 P.
2089 1949 2633 2069 Augustinus
2658 2010 2694 2059 ,
2754 1979 2945 2039 non
3002 1950 3480 2068 refragante
3546 1951 3689 2037 vel
3753 1954 3941 2065 ipso
3985 1951 4267 2040 Calvi-

1461 2101 1589 2162 no
1642 2078 1952 2162 Instut.
2018 2103 2208 2190 cap.
2249 2095 2441 2161 xm.
2492 2086 2576 2190 §.
2617 2106 2706 2184 4.
2779 2076 2869 2165 ἅ
2921 2077 3168 2162 alibi.
3234 2076 3648 2161 Similiter
3705 2102 3915 2163 cum
3979 2079 4075 2161 in
4136 2104 4271 2164 ea-

1463 2196 1669 2289 dem
1732 2203 2106 2316 Epistola
2172 2223 2263 2291 v.
2341 2231 2387 2316 5
2414 2233 2445 2284 1
2466 2259 2489 2282 .
2548 2202 2853 2320 legunt
2919 2206 3512 2290 communiter
3576 2197 3943 2288 Graeci:
4016 2203 4265 2297 πάντες

1463 2320 1587 2435 μὲν
1639 2331 1686 2406 ἐ
1749 2324 2366 2440 κοιμηθησόμεθα
2397 2387 2424 2428 ‚
2487 2330 2756 2424 πάντες
2810 2322 2906 2412 A«)
2951 2324 3573 2439 ἀλλαγησόμεθα
3612 2355 3635 2379 ·
3703 2327 4016 2412 Omnes
4073 2328 4270 2438 qlli-

1454 2452 1657 2534 dem
1717 2484 1894 2537 non
1946 2455 2471 2540 dormiemus
2505 2511 2537 2558 ‚
2596 2456 2755 2541 secl
2811 2485 3106 2542 omnes
3169 2453 3820 2537 immutabimur
3850 2482 3882 2545 ς
3944 2449 4260 2570 Vulga-

1300 2630 1311 2638 -
1458 2590 1601 2659 tae
1654 2576 2060 2665 standum
2118 2597 2249 2664 est
2280 2635 2314 2682 ,
2374 2604 2593 2691 quae
2646 2583 2856 2698 legit
2905 2608 3114 2667 cum
3170 2574 3493 2664 Codice
3527 2578 4263 2685 Claromontano,

1456 2698 1547 2788 8(
1605 2699 2338 2820 sangermanensi
2388 2707 2658 2800 πάντες
2708 2705 3242 2818 armeno-dms«.
3277 2763 3307 2810 ‚
3375 2704 3417 2782 ε’
3488 2706 3739 2796 πάντες
3829 2699 3924 2785 0⁶3
4003 2711 4266 2787 ἄλλα·

1460 2827 1860 2939 ,πόμα-θα
1893 2861 1916 2884 ·
1985 2830 2297 2915 Omnes
2352 2831 2704 2943 quidem
2789 2859 3339 2951 resurgemus
3403 2886 3435 2932 ,
3511 2831 3670 2914 secl
3726 2859 3902 2916 non
3965 2858 4263 2917 omnes

1452 2954 2109 3040 immutabimur
2141 3015 2166 3040 .
2232 2958 2358 3040 Ita
2415 2983 2624 3042 sane
2675 2960 3272 3072 Hieronymus
3310 3014 3340 3059 ‚
3402 2956 3521 3038 ita
3580 2954 4122 3071 Augustinus
4154 2958 4256 3043 in

1466 3076 1840 3191 Epistola
1903 3107 2152 3168 nunc
2212 3098 2415 3172 CCV.
2466 3076 2573 3164 ad
2629 3081 3214 3169 Consentium
3245 3137 3279 3185 ‚
3337 3078 3426 3166 ἃ
3456 3078 3566 3166 de
3596 3081 3894 3205 Agon.
3936 3082 4256 3166 Christ.

1448 3226 1642 3318 cap.
1670 3225 1828 3294 V11.
1882 3205 2226 3295 Revera
2278 3209 2848 3295 inverisimile
2897 3226 3028 3294 est
3089 3224 3465 3293 mortem
3530 3263 3565 3315 ‚
3658 3212 4046 3293 instante
4106 3233 4257 3292 ex-

1445 3345 1730 3416 trema
1792 3330 2093 3442 judicii
2128 3332 2268 3418 die
2301 3392 2332 3439 ,
2395 3336 2818 3447 aliquibus
2847 3363 3029 3422 esse
3057 3337 3578 3450 parcituram
3611 3390 3636 3414 .
3697 3334 4057 3448 Insuper
4103 3335 4258 3420 ubi

1447 3455 1766 3574 legitur
1845 3486 1922 3544 1.
1993 3458 2390 3545 Corinth.
2447 3486 2638 3574 cap.
2665 3482 2821 3552 Vn.
2888 3493 2978 3550 v.
3022 3488 3170 3579 33.
3239 3464 3337 3544 in
3390 3456 3817 3577 Vulgatat
3887 3462 4060 3575 Qui
4089 3488 4258 3546 au-

1452 3599 1625 3666 tem
1680 3612 1877 3668 cum
1945 3615 2223 3672 uxore
2288 3606 2422 3672 est
2459 3647 2492 3694 ,
2552 3588 2968 3672 sollicitus
3053 3605 3188 3671 est
3272 3613 3503 3699 quae
3591 3605 3799 3669 sunt
3856 3587 4168 3670 mundi
4217 3637 4253 3694 ,

1446 3710 1878 3820 quomodo
1895 3711 2250 3823 placeat
2301 3712 2561 3798 uxori
2594 3770 2625 3818 9
2686 3710 2793 3803 <36
2813 3714 3144 3798 divisus
3171 3731 3303 3797 est
3337 3740 3368 3815 ;
3432 3714 3528 3796 in
3564 3710 3947 3823 pluribus
3977 3707 4253 3799 Grae-

1444 3836 1571 3918 cis
1632 3833 2255 3949 exemplaribus
2322 3832 2539 3921 illud
2594 3836 2702 3929 <30
2753 3838 3084 3924 divisus
3137 3855 3335 3940 θεῖς
3401 3835 3511 3940 ιω)
3561 3829 3923 3950 popius-oq
3960 3894 3992 3940 ,
4057 3864 4251 3925 non

1442 3959 2019 4076 conjungitur
2079 3987 2289 4046 cum
2350 3966 2519 4046 isto
2571 3967 2991 4068 versiculo
3056 4020 3088 4069 ,
3151 3959 3301 4048 sed
3353 3965 3757 4075 sequenti
3820 4023 3854 4073 ,
3937 3958 4253 4052 adeout

1442 4108 1748 4169 sensus
1788 4090 1975 4188 'sit3
2040 4088 2162 4170 Et
2218 4089 2505 4174 divisa
2565 4108 2698 4176 est
2763 4119 2990 4179 uxor
3037 4147 3071 4195 ‚
3132 4087 3241 4181 66
3303 4093 3558 4210 vir-90
3618 4147 3641 4172 .
3707 4081 4072 4209 μιμΐςιςιη
4137 4088 4250 4194 κοῦ

1447 4200 1488 4291 ἦ
1551 4208 1719 4319 yon}
1752 4271 1780 4313 ‚
1841 4209 1951 4314 v)
2007 4205 2044 4296 ἦ
2109 4208 2465 4327 ruffine
2535 4246 2558 4269 ·
2653 4216 2756 4300 In
2839 4217 3150 4330 quibus
3246 4217 3452 4302 licet
3507 4243 3710 4302 suus
3773 4221 4250 4329 reperiatur

1437 4359 1742 4422 sensus
1774 4395 1807 4443 ,
1869 4356 1970 4425 ut
2031 4342 2325 4454 inquit
2386 4344 2987 4457 Hieronymus
3022 4402 3052 4448 ‚
3110 4360 3410 4428 tamen
3484 4368 3670 4428 non
3707 4363 3838 4430 est
3865 4343 4250 4452 Aposto-

1437 4458 1607 4546 lica
1660 4467 1976 4549 veritas
2011 4496 2037 4548 ε
2107 4465 2557 4580 Siquidem
2613 4466 3081 4581 Apostolus
3148 4472 3269 4553 ita
3311 4471 3653 4581 scripsit
3720 4500 3747 4553 ε
3849 4467 3888 4550 ὅ
3945 4463 4041 4548 «Ν
4105 4499 4252 4577 7⁸·

1439 4583 1678 4696 μῆσας
1737 4598 2030 4704 mppr&
2084 4591 2178 4675 τὰ
2234 4603 2324 4677 vi?
2371 4592 2614 4706 ›ebo-pu
2647 4654 2674 4696 ,
2741 4592 2899 4689 τὸς
2950 4592 3168 4710 αμα-εἶ
3213 4590 3298 4702 vi?
3361 4592 3632 4707 γυναικί
3654 4655 3682 4697 ‚
3743 4598 3810 4706 ’ᾖ
3831 4586 4190 4706 μψῖμςση
4217 4655 4241 4681 .

1441 4709 1696 4797 Plura
1759 4723 2116 4835 congeri
2172 4738 2527 4835 possent
2590 4718 2987 4809 hodierni
3029 4718 3343 4810 Graeci
3386 4723 3711 4809 Textus
3788 4718 4182 4831 exempla
4212 4773 4247 4824 2

1435 4863 1664 4948 quae
1715 4839 1823 4925 ad
1886 4843 2356 4934 lectionem
2411 4845 2827 4968 vulgatae
2874 4867 3085 4937 sunt
3140 4845 3605 4968 redigenda
3668 4903 3704 4951 ‚
3794 4841 3946 4930 sed
4027 4843 4248 4954 nihil

1318 5048 1327 5056 .
1435 4961 1828 5054 addimus
1858 5029 1891 5077 ,
1952 4993 2557 5088 praeterquam
2603 4972 2839 5089 quod
2895 4982 2992 5063 in
3052 4977 3349 5062 multis
3405 4971 3874 5061 Codicibus
3908 4970 4242 5083 Episto-

1434 5091 1520 5180 la
1571 5090 1685 5186 ad
1743 5095 2192 5191 Romanos
2246 5128 2436 5218 cap.
2466 5119 2623 5188 ΧΠ.
2688 5121 2895 5194 v.11.
2947 5104 3253 5197 habeat
3316 5132 3346 5192 ε
3443 5104 3678 5221 Kmfcii
3735 5095 4145 5310 θελενξΐνπς
4215 5120 4243 5149 ·

4044 5247 4232 5308 em-
