4913 6618
1434 723 1879 809 versiones
1922 726 1955 827 3
2017 745 2227 837 quas
2285 719 2713 845 Origenes
2773 724 3243 846 vulgavit:
3331 721 3599 812 Binas
3653 725 3730 811 is
3767 779 3797 829 ,
3824 742 4263 815 asserente

1435 850 1803 935 Eusebio
1852 850 1997 933 lib.
2024 870 2149 940 vl.
2217 852 2518 938 histor.
2557 879 2746 966 cap.
2786 876 2873 961 4.
2915 914 2945 958 ‚
2971 854 3166 937 κατὰ
3223 849 3436 959 τύχην
3503 855 3910 967 reperiit.
3978 856 4075 936 In
4115 883 4261 936 ur-

1439 976 1550 1059 be
1611 975 2052 1090 Hyericho
2083 979 2438 1064 alteram
2468 1038 2497 1084 ‚
2560 982 3046 1090 imperante
3077 978 3481 1064 Antonio
3506 978 3932 1066 Caracalla
3971 1038 4001 1082 ‚
4032 972 4263 1091 apud

1440 1098 1935 1213 Nicopolim
1974 1105 2329 1191 alteram
2364 1165 2396 1211 ‚
2458 1104 2668 1188 dum
2727 1123 3128 1223 regnaret
3184 1105 3585 1191 Aurelius
3642 1105 4002 1192 Severus
4060 1104 4263 1188 Ale-

1448 1225 1776 1315 xander
1830 1228 2323 1320 Mammeae
2388 1232 2608 1314 filius
2639 1287 2662 1312 .
2728 1231 3114 1343 Utraque
3175 1260 3620 1350 anonyma
3655 1291 3685 1337 ,
3750 1259 3847 1318 ac
3908 1246 4260 1344 propte-

1442 1382 1591 1438 rea
1641 1358 1747 1438 ab
1800 1357 2150 1439 urbibus
2190 1412 2222 1458 ‚
2282 1362 2377 1439 in
2436 1357 2746 1467 quibus
2800 1356 3159 1442 fuerunt
3203 1362 3675 1461 inventae,
3741 1356 4260 1441 denomina-

1448 1484 1788 1563 tionem
1848 1482 2276 1581 habuere3
2340 1484 2667 1567 scilicet
2701 1540 2731 1587 ‚
2791 1485 3493 1598 Hyericuntinae
3524 1541 3554 1587 ,
3616 1481 3703 1569 δι
3768 1483 4256 1596 Nicopoly-

1450 1623 1709 1690 tanae
1744 1666 1768 1688 .
1835 1606 2024 1692 Hae
2089 1634 2436 1719 quoque
2500 1611 2937 1696 versiones
3005 1671 3036 1716 ‚
3122 1615 3513 1725 quamvis
3573 1613 3937 1692 nomine
3996 1605 4264 1691 desti-

1453 1749 1692 1817 tutae
1729 1790 1759 1836 ,
1822 1749 1922 1817 ut
1982 1734 2574 1849 Hieronymus
2629 1739 2749 1819 ait
2805 1742 2908 1821 in
2969 1763 3157 1851 cap.
3206 1771 3290 1853 3.
3383 1739 3648 1848 Epist.
3710 1731 3815 1817 ad
3879 1733 4189 1816 Titum
4225 1786 4260 1835 ,

1451 1862 2056 1945 auctoritatem
2103 1862 2260 1943 sibi
2315 1863 2900 1948 conciliarunt
2965 1921 2989 1946 .
3059 1867 3281 1951 Heic
3338 1864 3515 1973 jam
3581 1862 3984 1945 nolumus
4052 1874 4261 1942 ante

1454 1985 1855 2103 progredi
1915 2045 1944 2087 ,
2042 2014 2302 2097 quam
2366 1984 2477 2072 de
2533 1988 2951 2074 laboribus
3010 1992 3229 2075 illius
3298 1988 3799 2074 immortalis
3860 1984 4269 2101 ingenii,

1458 2129 1561 2196 ut
1624 2140 1832 2197 cum
1890 2113 2441 2228 Hieronymo
2504 2110 2885 2201 dicamus
2933 2117 3124 2202 loco
3186 2140 3469 2229 nuper
3537 2116 3801 2206 relato
3862 2172 3889 2214 ‚
3955 2111 4269 2225 Orige-

1457 2241 1602 2322 nis
1668 2235 2125 2343 videlicet,
2189 2243 2342 2349 qui
2405 2256 2701 2322 tamen
2753 2243 2848 2326 in
2906 2246 3199 2329 multis
3271 2271 3320 2325 a
3392 2239 3808 2325 catholico
3863 2236 4264 2352 dogmate

1457 2358 1809 2449 deflexit
1873 2421 1903 2467 ‚
2001 2366 2432 2449 nonnulla
2515 2365 3059 2453 exhibeamus
3127 2428 3150 2451 .
3233 2366 3570 2453 Auctor
3636 2370 3705 2448 is
3772 2379 3898 2446 est
3961 2388 4267 2445 eorum

1460 2493 2044 2594 voluminum,
2069 2516 2289 2603 qnae
2320 2493 2772 2605 Tetraplct,
2807 2496 3212 2610 Hexapla
3247 2553 3275 2597 ,
3300 2492 3383 2580 ἃ
3421 2492 3774 2605 Octopla
3812 2514 4268 2598 nuncupa·

1460 2620 1591 2702 vit
1626 2676 1654 2699 .
1715 2617 1801 2702 T
1799 2619 2119 2728 etrapla
2174 2617 2442 2701 Biblia
2504 2616 2731 2723 dicta
2797 2638 3006 2703 sunt
3042 2681 3070 2725 ‚
3135 2623 3475 2732 quaein
3516 2618 3871 2734 singulis
3932 2615 4266 2730 paginis

1462 2761 1835 2854 quatuor
1917 2745 2497 2828 continebant
2570 2746 3073 2852 columnas,
3159 2752 3253 2830 in
3328 2772 3695 2857 quarum
3778 2745 4057 2854 prima
4120 2736 4269 2822 de-

1465 2875 1782 2984 scripta
1850 2888 2028 2955 erat
2084 2872 2364 2956 versio
2424 2861 2862 2981 Aquilae;
2926 2876 3019 2955 in
3071 2870 3447 2956 secunda
3512 2867 4008 2984 Symmachi
4073 2895 4102 2967 3
4165 2869 4266 2947 in

1458 3003 1713 3081 tertia
1762 2996 2323 3114 Septuaginta
2379 2997 2725 3100 viralis3
2791 2994 2877 3082 81
2926 3001 3018 3080 in
3077 3018 3377 3110 quarta
3397 2992 4016 3080 Theodotionis
4049 3052 4068 3072 .
4134 2989 4267 3072 De

1462 3124 1868 3235 Hexaplis
1931 3122 2349 3206 Ruffinus
2407 3124 2503 3203 in
2566 3123 2710 3204 lib.
2737 3142 2863 3203 111.
2922 3124 3222 3208 histor.
3294 3123 3612 3207 Eccles.
3671 3126 3788 3204 ita
3820 3121 4260 3230 loquitur:

1462 3248 1887 3366 Origenes
1945 3248 2129 3332 illos
2180 3247 2783 3333 famosissimos
2864 3247 3226 3335 Codices
3290 3251 3618 3361 primus
3715 3245 4201 3357 composuit
4235 3297 4268 3347 ,

1464 3379 1562 3459 in
1630 3379 1936 3488 quibus
1998 3402 2156 3486 per
2213 3376 2587 3491 singulas
2642 3376 3176 3460 columnulas
3204 3432 3234 3477 ,
3298 3402 3348 3458 e
3408 3378 3757 3491 reglone
3814 3373 4270 3483 separatim

1463 3529 1681 3614 opus
1737 3504 2235 3614 interpretis
2296 3501 2979 3613 uniuscujusque
3042 3499 3486 3610 descripsit
3553 3559 3585 3605 ‚
3649 3503 3773 3583 ita
3822 3487 3922 3581 ut
3984 3499 4271 3607 primo

1463 3633 1864 3713 omnium
1930 3631 2113 3739 ipsa
2168 3628 2556 3712 Hebraea
2645 3631 2905 3713 verba
2961 3629 3401 3711 Hebraicis
3447 3628 3769 3710 litteris
3828 3639 4267 3736 poneret;

1463 3754 1854 3839 secundo
1912 3758 2009 3837 in
2074 3754 2264 3838 loco
2320 3779 2477 3862 per
2538 3750 2941 3839 ordinem
3007 3751 3356 3837 Graecis
3407 3753 3706 3837 litteris
3741 3809 3771 3854 ‚
3833 3776 3885 3831 e
3918 3751 4271 3863 regione

1461 3881 1852 3969 Hebraea
1907 3882 2170 3965 verba
2232 3876 2749 3963 describeret
2819 3911 2848 3982 ς
2947 3882 3290 3962 tertiam
3362 3875 3732 3990 Aquilae
3796 3871 4279 3959 editionem·

1462 4010 2091 4121 subjungeret3
2157 4020 2548 4114 quartam
2602 4002 3182 4119 Symmachi·
3154 4067 3185 4104 ‚
3276 4009 3676 4115 quintam
3735 4003 4275 4115 septuaginta

1462 4133 2055 4244 Interpretum
2090 4187 2122 4233 ‚
2183 4156 2404 4240 quae
2460 4148 2755 4214 nostra
2812 4149 3000 4232 est;
3066 4148 3395 4213 sextam
3453 4126 4071 4216 Theodotionis
4105 4125 4271 4207 col-

1466 4260 1845 4343 locaret:
1910 4255 2000 4342 ἃ
2045 4273 2400 4369 propter
2451 4235 2873 4366 ejusmodi
2906 4259 3626 4376 compositionem
3664 4314 3694 4359 ‚
3756 4251 4272 4362 exemplaria
4395 4250 4406 4253 ’

1465 4389 1651 4499 ipsa
1718 4385 2214 4469 nominavit
2275 4382 2657 4496 Hexapla
2693 4441 2759 4487 „
2831 4367 3047 4465 .Ex
3098 4382 3329 4465 hisce
3389 4380 3638 4466 facile
3694 4379 4209 4495 intelligitur
4237 4432 4274 4484 ,

1466 4508 1681 4627 quid
1735 4527 2025 4596 essent
2077 4509 2504 4620 Octopla,
2567 4511 2784 4593 liber
2839 4510 3328 4611 nimirum,
3392 4510 3486 4589 in
3525 4535 3703 4619 quo
3737 4522 4074 4618 praeter
4108 4529 4206 4585 ea
4239 4559 4273 4608 ,

1465 4664 1691 4752 quae
1742 4634 2121 4746 Hexapla
2162 4634 2965 4781 complectebantur
2992 4689 3022 4734 ‚
3083 4636 3507 4745 septima,
3566 4634 3656 4721 ἃ
3686 4651 3987 4717 octava
4041 4625 4278 4713 addi.

1468 4783 1559 4851 ta
1621 4780 1753 4849 est
1821 4767 1915 4844 in
1985 4760 2339 4875 singulis
2391 4764 2727 4876 paginis
2761 4761 3226 4865 columna,
3289 4788 3658 4872 quarum
3724 4784 3902 4840 una
3943 4759 4271 4841 versio·-

1468 4911 1685 4978 nem
1719 4887 2512 5003 Hyerichuntinam
2547 4945 2576 4987 ‚
2606 4884 2696 4973 ἃ
2742 4886 3002 4969 altera
3031 4885 3760 4999 Nicopolyta'nam
3808 4882 4280 4995 praesefer-

1472 5038 1609 5102 ret
1642 5075 1665 5099 .
1733 5015 1858 5099 Eo
1914 5017 2051 5103 vir
2114 5038 2508 5095 summus
2561 5008 3071 5096 doctissimis
3126 5015 3355 5098 hisce
3382 5015 3611 5096 curis
3641 5005 4209 5125 portendebat
4243 5065 4278 5114 ,

1474 5163 1576 5229 ut
1614 5166 2120 5264 germanam
2182 5159 2778 5252 assequeretur
2830 5154 3034 5223 Lxx.
3087 5140 3676 5254 Interpretum
3740 5135 4270 5223 intellectio-

3962 5295 3967 5302 ·
4055 5283 4274 5347 nem
