4913 6618
1493 599 1528 652 1
1557 596 1660 654 12

1476 691 1982 784 divinorum
2044 693 2601 785 voluminum
2638 752 2665 801 ,
2723 689 2810 783 ἃ
2856 697 3358 809 praesertim
3410 692 4078 818 Evangeliorum
4108 726 4289 791 ver·

1479 826 1827 909 sionem
1865 884 1886 907 .
1948 821 2524 910 Admittimus
2578 823 3188 909 Palaemonem
3247 852 3393 908 an.
3436 858 3485 940 3
3512 856 3653 943 13·
3691 827 4092 912 habuisse
4132 855 4292 913 au·-

1486 945 1857 1034 ditorem
1910 951 2471 1037 pachomium
2506 1008 2537 1055 ‚
2598 950 3139 1064 psalmosque
3167 1008 3194 1053 ‚
3257 948 3345 1036 81
3408 954 3608 1036 alios
3666 971 3860 1036 tum
3902 949 4298 1058 Veteris,

1483 1091 1677 1159 tum
1742 1073 1977 1165 Novi
2069 1077 2618 1163 Testamenti
2713 1076 2971 1159 libros
3033 1076 3273 1160 hunc
3364 1080 3469 1159 ab
3533 1078 3681 1162 illo
3735 1079 4017 1193 legere
4077 1076 4295 1162 didi-

1483 1203 1703 1285 cisse
1738 1259 1768 1305 ,
1828 1200 1917 1290 ἃ
1981 1208 2397 1291 memoria
2466 1200 2901 1286 recolere:
2969 1227 3279 1287 verum
3336 1201 3546 1287 inde
3594 1203 3878 1319 colligi
3936 1229 4153 1290 saec.
4182 1204 4284 1286 Π.

1484 1324 1573 1413 ἃ
1605 1327 1742 1408 111.
1795 1328 1968 1436 jam
2015 1327 2272 1413 fuisse
2320 1325 2753 1411 Thebaico
2806 1324 3212 1412 idiomate
3274 1325 3646 1412 redditos
3683 1385 3713 1430 ‚
3777 1331 4034 1440 plane
4099 1355 4336 1416 non·

1484 1458 2018 1564 assequimur
2045 1512 2068 1536 .
2119 1451 2332 1537 lllud
2393 1478 2740 1565 quoque
2799 1472 3109 1538 nutare
3143 1452 3392 1538 nobis
3440 1452 3784 1539 videtur
3810 1514 3839 1559 ‚
3871 1451 4103 1566 quod
4134 1453 4293 1538 Pa-

1483 1579 1828 1665 laemon
1880 1583 2198 1691 scripta
2238 1577 2700 1665 Pachomio
2751 1575 3061 1663 tradita
3122 1605 3338 1665 saec.
3363 1578 3507 1665 IV.
3551 1639 3579 1683 ,
3644 1608 3791 1662 an,
3865 1585 4291 1666 nimirum

1494 1737 1710 1821 3¹3·
1770 1706 1875 1789 ab
1934 1707 2113 1790 aliis
2169 1734 2386 1790 saec.
2417 1704 2559 1788 111.
2619 1702 2878 1791 dubio
2944 1703 3245 1817 procul
3289 1713 3766 1820 acceperit.
3828 1705 3963 1790 De
4024 1731 4289 1790 asser·

1488 1852 1577 1916 ta
1638 1835 1899 1948 igitur
1952 1862 2000 1916 a
2050 1836 2237 1918 viro
2295 1833 2963 1946 praeclarissimo
3012 1833 3490 1917 Thebaicae
3570 1834 3991 1917 versionis
4058 1832 4341 1914 anti--

1489 1962 1889 2071 quitate‚
1951 1959 2202 2042 nobis
2266 1959 2518 2042 liceat
2606 1959 3014 2043 haesitare
3080 2018 3101 2041 .
3166 1955 3759 2044 Verosimilius
3823 1961 4292 2071 opinamur

1489 2082 2131 2201 Aegyptiorum
2167 2143 2197 2188 ,
2262 2112 2407 2167 seu
2477 2081 3026 2195 Coptitarum
3089 2078 3132 2199 (
3198 2093 3350 2196 qui
3418 2088 3538 2169 sic
3606 2085 4003 2196 appellati
4082 2099 4296 2166 sunt

1492 2210 1598 2292 ab
1658 2211 1869 2292 urbe
1925 2207 2206 2321 Copta
2244 2269 2273 2314 ‚
2313 2208 2789 2293 Thebaidis
2855 2212 3308 2321 metropoli
3366 2270 3395 2314 ‚
3458 2238 3626 2321 qua
3685 2208 3791 2291 de
3855 2211 4294 2293 memine-
4354 2308 4364 2318 ο

1491 2353 1710 2419 runt
1770 2335 2069 2418 Strabo
2120 2334 2265 2419 lib.
2303 2327 2479 2423 xvi.
2547 2334 2633 2421 8<
2696 2355 2914 2426 xvll.
2977 2334 3064 2420 0&
3120 2335 3614 2420 Plutarchus
3659 2333 3720 2453 )
3771 2333 4298 2419 Ver-sionem

1491 2464 1779 2574 primo
1833 2460 2169 2546 saeculo
2235 2465 2737 2574 incoeptam
2807 2521 2834 2566 ‚
2913 2487 3068 2574 per
3130 2464 3531 2547 intercisa
3592 2477 3983 2575 tempora
4035 2460 4295 2544 ffiisse

1495 2605 1838 2671 auctam
1868 2644 1895 2684 ,
1958 2585 2044 2672 8<
2109 2585 2652 2672 adolescente
2687 2607 2995 2700 quarto
3026 2587 3445 2673 Ecclesiae
3477 2612 3693 2670 saec.
3734 2646 3764 2691 ,
3827 2591 4056 2672 circa
4079 2606 4297 2670 tem-

1491 2741 1657 2827 pus
1728 2709 2130 2798 videlicet
2197 2711 2577 2799 Concilii
2626 2713 2995 2799 Nicaeni
3046 2713 3112 2795 Ι.
3169 2715 3723 2832 absolutam..
3787 2715 3979 2827 Qua
4032 2713 4125 2795 in
4198 2738 4295 2797 re

1494 2839 1797 2922 saltem
1847 2870 1950 2926 ex
1998 2856 2241 2950 parte
2307 2836 2880 2924 eruditissimo
2972 2845 3346 2947 φιλαρχαῖο
3408 2839 3853 2924 Kircherio
3940 2840 4298 2923 subscri-

1494 2967 1777 3049 bimus
1809 2995 1833 3044 :
1897 2965 2131 3048 Dum
2187 2994 2394 3051 vero
2447 2968 2566 3049 ita
2623 2963 2869 3051 datur
2916 2970 3251 3078 opinari
3311 3024 3338 3069 ‚
3399 2963 3487 3051 81
3550 2964 3732 3048 zelo
3796 2960 4298 3048 Alexandri-

1497 3079 1819 3175 norum
1885 3089 2562 3178 Patriarcharum
2630 3150 2661 3197 ,
2747 3090 2983 3205 quod
3037 3118 3410 3203 aequum
3478 3110 3606 3174 est
3678 3149 3707 3193 ‚
3771 3091 4229 3175 tribuimus
4267 3145 4299 3194 ‚

1494 3215 1582 3303 ἃ
1646 3244 1849 3332 prae
1903 3214 2174 3323 jactae
2239 3216 2855 3302 consuetudini
2943 3219 3506 3329 peculiarium
3567 3216 4140 3300 Ecclesiamm
4197 3219 4294 3299 in

1493 3346 1750 3427 sacris
1815 3342 2332 3456 recipiendis
2387 3345 2624 3429 libris
2678 3344 2896 3429 nihil
2953 3342 3520 3428 detrahimus,
3583 3340 3922 3454 Volupe
3950 3343 4143 3427 heic
4169 3360 4300 3425 est

1498 3504 1628 3553 των
1690 3467 1947 3555 viariam
2001 3471 2196 3585 χάριν
2276 3498 2456 3554 una
2531 3496 2737 3555 cum
2804 3467 3299 3555 doctissimo
3372 3465 3746 3583 Georgio
3835 3486 4135 3551 nostro
4194 3473 4295 3552 in

1494 3597 1791 3713 lingua
1845 3592 2382 3712 Aegyptiaca
2444 3597 2922 3709 paullulum
2978 3597 3477 3680 immorari.
3541 3594 3914 3681 Temere
4004 3591 4300 3705 profe·

1492 3741 1643 3809 cto
1705 3719 1812 3805 de
1879 3719 2020 3805 illa
2084 3726 2652 3809 remotissima
2718 3720 3200 3807 diceremus
3263 3780 3291 3827 ‚
3354 3747 3574 3833 quae
3660 3738 3881 3805 tunc
3937 3715 4235 3804 floruit
4267 3778 4298 3825 ‚

1492 3874 1700 3935 cum
1758 3846 2071 3963 Joseph
2128 3848 2639 3965 Aegyptum
2704 3846 3135 3965 ingresst
3224 3848 3617 3965 linguam
3686 3904 3717 3951 ‚
3786 3875 4052 3961 quam
4122 3874 4301 3930 non

1490 3992 1926 4076 noverat,
1958 3974 2362 4059 audivit.
2434 3973 2883 4087 Siquidem
2941 4002 3108 4059 nec
3162 3971 3727 4075 Plutarchus,
3790 3998 3957 4058 nec
4015 3973 4301 4056 Hero-

1494 4095 1812 4202 dotus,
1875 4115 1978 4180 ut
2032 4124 2240 4183 cum
2307 4094 2710 4219 Georgio
2742 4105 2837 4182 in
2911 4099 3204 4200 Praef.
3272 4100 3399 4181 acl
3456 4099 3812 4217 Fragm.
3868 4100 3963 4182 S.
3977 4097 4304 4207 Jolnm-

1494 4227 1632 4309 m's
1687 4250 1879 4340 pag.
1921 4241 2128 4314 XLV·
2182 4243 2590 4309 tenemus
2623 4285 2654 4332 ‚
2719 4226 3359 4343 Aegyptiorum
3424 4240 3746 4307 norant
3816 4220 4296 4308 elementa.

1492 4350 1628 4437 De
1679 4377 1780 4436 ea
1837 4368 2113 4437 aetate
2168 4351 2608 4465 loquimur
2676 4411 2707 4456 ‚
2800 4380 2969 4464 qua
3014 4350 3432 4465 Aegyptii
3492 4378 3541 4432 a
3593 4348 3947 4435 l’atrum
3999 4375 4304 4434 eorum

1490 4477 1792 4597 lingua
1853 4475 2426 4563 desciscentes
2466 4536 2497 4581 ‚
2558 4478 2891 4589 Grajios
2943 4474 3466 4587 adoptarunt
3529 4475 4053 4562 characteres
4114 4534 4137 4558 .
4206 4470 4303 4556 Id

1492 4632 1753 4717 porro
1806 4604 2282 4715 Boniurius
2348 4622 2644 4690 noster
2683 4662 2714 4709 ‚
2777 4601 2886 4687 de
2941 4600 3328 4714 Copticis
3375 4601 3680 4685 litteris
3742 4609 4072 4716 optime
4120 4625 4306 4684 me-

1493 4732 1710 4811 ritus
1747 4786 1778 4833 ,
1841 4727 2025 4847 figit
2079 4733 2172 4811 in
2248 4727 2720 4813 Alexandri
2766 4732 3067 4845 magni
3095 4731 3523 4841 imperio:
3587 4727 4308 4813 Montfauconius

1493 4858 1816 4967 repetit
1869 4881 1921 4938 a
1984 4854 2491 4940 Ptolomaeis
2530 4912 2552 4939 .
2620 4853 3041 4973 Georgius
3087 4861 3168 4965 ᾗ.
3198 4873 3323 4942 VI.
3389 4858 3695 4941 citatae
3739 4852 4016 4939 Praefi
4052 4881 4304 4967 p.43.
4390 4961 4397 4967 ⁸

1493 4985 1616 5067 sic
1679 4979 1932 5065 habet
1998 5009 2021 5062 z
2116 4977 2589 5097 Regnante
2681 4984 3210 5067 Psamnitico
3268 5006 3678 5099 magnam
3735 4983 4306 5081 variationem

1495 5106 2128 5227 Aegyptiacam
2186 5105 2580 5228 linguam
2654 5111 2937 5194 subire
2990 5110 3369 5221 coepisse
3394 5164 3426 5212 ,
3481 5101 3795 5194 eruditi
3855 5105 4043 5192 fere
4103 5130 4305 5187 om-

4137 5255 4303 5316 nes
