4913 6618
3287 506 3465 595 109

649 608 764 707 &-
813 616 1166 703 caedere
1216 614 1596 729 amplius
1652 643 1827 700 non
1892 614 2141 702 valen
2149 631 2279 699 tes
2322 611 2957 732 frangerentur
3012 636 3044 710 ;
3125 604 3464 720 ipsique

649 743 1099 851 carnifices
1160 742 1490 828 viribus
1525 742 2040 842 fatiscentes
2124 742 2287 824 sibi
2368 740 2733 822 invicem
2811 733 3363 821 succederent
3423 787 3450 814 .

652 864 849 979 Quo
913 867 1257 980 quidem
1316 884 1695 978 tempore
1758 865 2231 950 mirabilem
2288 867 2383 949 in
2444 863 2762 977 primis
2843 861 3118 944 animi
3199 857 3451 943 ardo-

651 1017 834 1074 rem
868 1048 899 1095 ‚
964 1018 1333 1101 vereque
1396 992 1784 1075 divinam
1843 994 2256 1076 virtutem
2290 1048 2321 1095 ‚
2383 988 2491 1077 &1
2518 988 3052 1070 alacritatem
3087 1011 3379 1068 eorum
3415 1039 3451 1087 ,

652 1115 810 1225 qui
853 1115 943 1198 in
1001 1114 1622 1201 CHRISTUM
1676 1115 1865 1200 DEI
1929 1118 2465 1201 crediderant
2502 1173 2532 1217 9
2585 1111 2852 1198 oculis
2908 1110 3229 1193 nostris
3259 1136 3454 1192 con·

649 1243 1095 1349 speximus
1120 1300 1144 1323 .
1210 1242 1556 1324 Etenim
1624 1243 1779 1330 vix
1842 1243 2048 1325 dnm
2108 1245 2199 1324 in
2241 1242 2577 1354 primos
2623 1239 2810 1322 lata
2868 1255 3062 1319 erat
3110 1252 3476 1318 senten--⁴

650 1360 784 1445 tia
825 1422 856 1467 ‚
883 1394 1107 1468 cum
1176 1366 1332 1448 alii
1395 1367 1745 1450 aliunde
1815 1367 1936 1450 acl
1988 1368 2372 1450 tribunal
2401 1364 2728 1481 judicis
2795 1361 3364 1477 prosilierunt
3416 1413 3451 1464 ‚

653 1485 1192 1576 Christianos
1257 1515 1439 1575 esse
1499 1494 1865 1597 confessi
1902 1550 1926 1573 .
1955 1549 1978 1573 .
2013 1551 2036 1575 .
2086 1521 2282 1576 cam
2335 1491 2672 1608 gaudio
2721 1547 2752 1594 ,
2788 1486 2895 1577 <36
2943 1485 3382 1570 hilaritate
3413 1539 3449 1590 ‚

646 1611 1026 1699 ridentes
1087 1616 1544 1729 capitalem
1608 1620 2122 1702 sententiam
2180 1616 2729 1729 excipiebant
2800 1645 2823 1694 ε
2922 1611 3137 1694 adeo
3200 1627 3305 1692 ut
3356 1610 3451 1694 in

651 1735 999 1824 landem
1068 1741 1534 1850 conditoris
1594 1745 1978 1827 omnium
2061 1744 2227 1826 Dei
2297 1741 2690 1856 psalmos
2727 1795 2758 1842 ,
2815 1737 3351 1852 hymnosque
3412 1791 3447 1842 ‚

645 1858 757 1950 &2
809 1868 1303 1981 ¹qratiarnm
1357 1855 1735 1953 actiones
1776 1867 1898 1950 ad
1945 1886 2429 1951 extremum
2480 1891 2754 1975 usqne
2815 1863 3028 1974 spiri
3030 1881 3216 1943 tum
3250 1888 3447 1943 con-

648 1985 1027 2074 cinerent
1064 2050 1088 2073 .
1148 1992 1336 2108 Jam
1399 2018 1611 2076 vero
1674 1998 1825 2105 qui
1889 1992 2073 2075 fieri
2132 1997 2416 2106 potuit
2452 2051 2483 2095 ,
2542 2008 2645 2073 ut
2706 2006 3001 2072 tantus
3058 1985 3452 2070 Christia-
3560 2075 3573 2100 s

644 2138 970 2200 norum
1019 2144 1437 2202 numerus
1505 2146 1611 2201 ex
1673 2121 2076 2202 omnibus
2127 2120 2725 2203 Thebaeorum
2767 2110 3207 2197 ordinibus
3241 2139 3450 2197 con·-

645 2231 961 2345 flatus-‚
1024 2259 1174 2327 aut
1236 2247 1331 2327 in
1397 2240 1704 2347 Fidei,
1766 2241 1851 2329 ἃ
1913 2244 2387 2362 Religionis
2445 2258 2790 2325 nostrae
2843 2239 3270 2353 mysteriis
3316 2238 3450 2321 in-

646 2368 888 2447 stitui
925 2423 954 2467 ,
1018 2388 1164 2452 aut
1217 2367 1556 2453 divinos
1589 2369 1959 2456 Psalmos
1994 2368 2331 2458 edoceri
2368 2431 2393 2466 ,
2460 2384 2610 2452 aut
2652 2385 2834 2452 tam
2881 2361 3218 2448 ardenti
3249 2389 3450 2480 erga

646 2487 1094 2576 Christum
1142 2496 1494 2580 caritate
1551 2489 2073 2580 inflammari
2109 2556 2138 2600 ‚
2197 2496 2286 2582 ἃ
2347 2496 2737 2607 martyrii
2793 2487 3213 2576 desiderio
3243 2515 3445 2573 suc-

643 2613 907 2699 cendi
965 2623 1430 2735 contigerit
1465 2680 1494 2724 ‚
1557 2625 1728 2704 nisi
1783 2621 2272 2735 Scripturae
2337 2638 2685 2705 sanctae
2716 2617 2948 2702 libris
2986 2671 3018 2720 ,
3078 2619 3230 2729 qui
3258 2643 3446 2730 pro·

643 2745 978 2827 miscuo
1024 2743 1407 2830 fidelium
1466 2751 1867 2858 omnium
1916 2753 2201 2834 coetui
2265 2748 2599 2865 cogniti
2661 2805 2691 2849 ,
2773 2769 3077 2828 eorum
3155 2744 3450 2855 captui

643 2869 1175 2955 accomodati
1243 2891 1527 2955 essent
1562 2872 1890 2957 ?Erant
1936 2875 2026 2959 hi
2075 2879 2335 2993 igitur
2371 2871 2743 2958 secundo
2773 2928 2804 2973 ‚
2863 2896 2963 2954 ac
3009 2868 3263 2952 tertio
3295 2867 3452 2955 Ec-

639 2993 945 3080 clesiae
1013 2998 1347 3082 saeculo
1409 2998 1836 3083 Thebaica
1903 3004 2291 3086 versione
2360 2990 2663 3083 donati
2691 3053 2714 3077 .
2787 2988 3173 3080 Graecae
3200 2996 3447 3079 enim

641 3117 988 3237 linguae
1050 3152 1252 3206 usus
1311 3120 1882 3208 Alexandriae
1921 3185 1950 3229 ‚
2012 3125 2099 3213 81
2156 3130 2253 3210 in
2304 3125 2736 3236 plerisque
2801 3117 3226 3205 inferioris
3280 3117 3449 3204 Ae·

642 3251 886 3361 gypti
942 3250 1429 3335 civitatibus
1483 3246 1912 3335 familiaris
1967 3271 2148 3338 erat
2209 3309 2239 3356 ,
2302 3255 2398 3336 in
2454 3244 2889 3335 Thebaide
2943 3266 3093 3333 aut
3159 3244 3443 3332 nullus

649 3390 832 3457 erat
869 3433 899 3477 ,
961 3392 1110 3459 aut
1165 3370 1628 3458 admodum
1693 3382 2039 3494 exiguus
2076 3439 2105 3483 ‚
2167 3405 2265 3465 ac
2323 3403 2555 3491 pene
2600 3378 2982 3460 exoticus
3011 3433 3035 3456 .
3102 3375 3242 3459 Fit
3269 3376 3446 3480 ita,

647 3514 750 3580 ut
813 3501 886 3583 si
925 3558 960 3605 ‚
1017 3527 1240 3613 quae
1292 3498 1698 3584 Eusebius
1754 3500 1862 3585 de
1914 3500 2528 3590 Thebaidensis
2606 3501 3031 3590 Ecclesiae
3104 3500 3447 3615 populis

635 3645 928 3709 narrat
965 3685 994 3729 ‚
1055 3626 1535 3746 intelligere
1599 3627 1995 3713 volumus
2026 3688 2054 3732 ,
2116 3656 2447 3743 ponere
2506 3654 2911 3744 cogamur
2943 3624 3444 3714 divinorum

634 3746 1047 3835 librorum
1084 3810 1114 3855 ,
1177 3778 1276 3835 ac
1340 3758 1841 3867 praesertim
1869 3754 2010 3840 SS.
2045 3753 2711 3872 Evangeliorum
2738 3756 3230 3841 versionem
3250 3768 3451 3835 tan.

636 3891 775 3959 tae
840 3881 1374 3989 antiquitatis
1429 3878 1688 3963 fuisse
1716 3938 1744 3982 ,
1777 3898 1875 3964 ut
1921 3877 2246 3991 jamdiu
2300 3899 2511 3966 ante
2573 3883 2834 3994 ipsius
2862 3879 3208 3963 Eusebii
3231 3895 3446 3962 tem·-

635 4029 844 4113 pora
877 4061 907 4106 ‚
930 4007 1112 4087 imo
1154 4022 1256 4086 ut
1299 4006 1677 4091 secundo
1717 4063 1746 4108 ‚
1782 4009 2142 4091 tertiove
2167 4006 2591 4093 Ecclesiae
2652 4005 2989 4091 saeculo
3023 4060 3055 4109 ,
3116 4030 3440 4095 verna-

636 4127 833 4212 culo
896 4155 1301 4214 sermone
1350 4127 1701 4217 condita
1729 4187 1758 4231 ,
1791 4130 1878 4217 ἃ
1910 4132 2301 4247 evulgata
2350 4137 2445 4215 in
2478 4129 2913 4216 Thebaide
2944 4129 3206 4217 fuerit
3244 4188 3268 4211 .
3332 4128 3446 4216 Et

637 4279 844 4338 sane
898 4258 1054 4338 sub
1096 4261 1277 4370 ipsa
1343 4284 1575 4369 pene
1639 4255 1892 4340 initia
1921 4282 2137 4341 saec.
2179 4276 2303 4346 lv.
2335 4257 2763 4341 Thebaica
2798 4256 3446 4368 Scripturarum

635 4383 916 4467 versio
980 4380 1157 4489 jam
1215 4382 1580 4499 vulgaris
1641 4401 1821 4466 erat
1880 4440 1911 4487 ,
2004 4380 2089 4468 ἃ
2144 4380 2526 4466 fidelium
2576 4384 2975 4466 omnium
3040 4383 3442 4469 manibus

635 4500 1063 4589 ferebatur
1097 4564 1120 4589 .
1186 4505 1412 4590 Nam
1473 4536 1618 4590 an.
1667 4539 1878 4625 3¹3·
1910 4567 1939 4612 ‚
1973 4535 2147 4619 quo
2203 4512 2586 4622 primum
2649 4525 3044 4625 tempore
3118 4506 3204 4591 S.
3264 4507 3441 4590 Pa-

635 4629 1018 4717 chomias
1076 4628 1182 4716 ad
1230 4651 1632 4717 sanctum
1719 4661 2024 4717 senem
2108 4636 2707 4719 anachoretam
2770 4633 3374 4719 Palaemonem
3406 4691 3440 4737 ‚

637 4781 830 4839 non
896 4758 1159 4876 longe
1218 4787 1267 4841 a
1305 4756 1721 4868 Panopoli
1786 4761 1994 4842 urbe
2061 4757 2290 4872 apud
2356 4757 2956 4845 Bollandianos
2990 4761 3439 4846 accessisse

640 4877 1005 4964 traditur
1037 4942 1068 4985 ‚
1117 4910 1218 4966 ea
1274 4887 1718 4966 notissima
1775 4902 1955 4971 erat
1995 4941 2025 4986 ,
2082 4885 2170 4971 3<
2231 4880 2402 4970 ‘coti
2431 4882 2842 4971 Thebaidi
2883 4887 3374 4971 communis
3403 4940 3427 4967 .

641 5001 764 5091 Ex
829 5031 930 5093 ea
992 5006 1451 5096 Palaemon
1505 5006 1800 5097 docuit
1855 5005 2455 5124 discipulum,
2544 5009 2633 5101 ἃ
2719 5015 3052 5098 socium
3111 5008 3439 5095 Pacho-

3167 5136 3450 5222 mium
