4913 6618
1445 535 1558 618 Ῑ4

1428 628 1748 721 eodem
1814 626 2074 723 modo
2126 632 2628 721 transmissa
2665 660 2689 716 ε
2726 635 3003 720 immo
3054 623 3163 715 ad
3218 626 3641 744 ejusmodi
3692 634 4253 723 transmissio·

1430 788 1648 845 nem
1704 819 1733 866 9
1803 789 1994 848 non
2067 757 2332 849 modo
2404 775 2617 844 sunt
2681 754 3133 845 referenda
3187 778 3620 873 quotquot
3670 761 4263 872 compilarunt

1432 884 1962 974 Massoretae
1997 945 2029 993 9
2055 914 2365 976 verum
2432 889 2694 971 etiam
2738 913 2960 999 quae
3003 888 3100 966 in
3152 887 3448 972 Misna
3480 890 4062 973 continentur
4094 944 4124 992 9
4158 888 4257 971 in

1434 1012 1888 1098 volumine
1939 1016 2270 1102 scilicet
2336 1014 2616 1129 legem
2677 1009 3080 1098 traditam
3148 1013 3603 1098 exhibente
3662 1044 3685 1095 ε
3757 1010 4058 1096 Misna
4094 1068 4123 1115 9
4156 1029 4262 1098 ut

1438 1142 1979 1249 suspicamur
2009 1199 2042 1250 9
2076 1139 2559 1254 appellato9
2592 1167 2638 1222 a
2694 1165 2909 1227 voce
2970 1147 3155 1252 ”23²²
3222 1139 3763 1222 Mandatum
3826 1169 3856 1240 3
3924 1154 4258 1223 mutata

1438 1289 1722 1372 littera
1787 1334 1815 1391 ῃ
1883 1296 1977 1378 in
2043 1318 2074 1377 Δ
2114 1348 2142 1393 ,
2175 1289 2594 1376 &omissa
2654 1329 2703 1388 ,η
2755 1294 3301 1407 paragocica,
3333 1314 3430 1371 ac
3467 1290 3968 1398 quiescente
4004 1345 4028 1372 .
4064 1287 4256 1379 Plu·

1439 1418 1704 1498 rImos
1762 1443 1977 1527 opus
2043 1414 2530 1500 Misnicum
2597 1431 2903 1499 nactus
2967 1434 3094 1499 est
3163 1415 3606 1499 Rabbinos
3673 1415 4189 1526 expositores
4222 1471 4254 1518 9

1440 1537 1589 1622 sed
1656 1545 2064 1627 omnibus
2125 1542 2474 1626 Misuae
2541 1543 3397 1652 interpretationibus
3428 1535 3725 1653 Judaei
3756 1540 4256 1652 praeferunt

1451 1665 1833 1750 Talmud
1862 1725 1895 1772 9
1927 1693 2082 1752 seu
2131 1697 2352 1781 opus
2410 1666 2884 1749 doctrinale
2918 1723 2949 1770 9
2984 1669 3079 1750 in
3138 1693 3311 1778 quo
3380 1665 3675 1749 Misna
3706 1683 3836 1748 est
3862 1667 4054 1753 loco
4083 1685 4257 1753 tex·

1444 1805 1588 1872 tus
1650 1786 2003 1902 adjectis
2072 1792 2720 1877 commentariis
2768 1847 2800 1894 9
2862 1819 3079 1902 quae
3138 1810 3465 1877 vocant
3531 1791 3909 1875 Gemma
3968 1821 4019 1877 a
4081 1818 4252 1877 no-

1444 1917 1691 1999 mine
1758 1932 1921 2030 Ἥρα]
2007 1919 2432 2019 Perfectio
2461 1975 2491 2023 9
2525 1942 2674 2000 seu
2745 1916 3219 2035 Integritas·
3253 1975 3277 1999 .
3343 1918 3480 2001 De
3534 1934 3907 2029 utroque
3938 1921 4256 2006 iterum

1447 2071 1707 2183 paulo
1772 2075 2134 2161 inferius
2184 2070 2622 2189 agendum
2688 2075 2851 2156 erit
2888 2129 2909 2152 .
2969 2072 3332 2157 Interim
3399 2069 3634 2183 quod
3678 2068 3784 2154 ad
3851 2072 4256 2158 Cabalam

1447 2200 1769 2281 attinet
1799 2257 1832 2304 9
1867 2227 2136 2285 nemo
2192 2198 2835 2283 Catholicorum
2890 2202 3186 2281 renuit
3229 2202 3322 2281 in
3362 2198 3820 2309 Scripturis
3858 2256 3887 2301 9
3919 2217 4256 2313 praeter

1448 2347 1814 2408 sensum
1845 2327 2347 2411 historicum
2388 2382 2418 2427 9
2454 2325 2598 2410 vel
2626 2323 3084 2409 litteralem
3122 2382 3149 2427 9
3182 2326 3446 2407 latere
3478 2325 4005 2435 spiritualem
4031 2382 4061 2426 9
4105 2326 4256 2435 qui

1448 2449 2057 2559 complectitur
2098 2452 2650 2566 allegoricum
2686 2507 2717 2552 9
2748 2448 2834 2534 ἃ
2878 2449 3502 2565 tropologicum
3537 2507 3567 2553 9
3604 2476 3758 2532 seu
3783 2449 4197 2535 moralem
4223 2502 4249 2531 .

1452 2568 1862 2685 Moysem
1918 2575 2359 2661 tradidisse
2445 2574 2940 2658 Senioribus
2997 2602 3417 2658 sensuum
3472 2572 3894 2682 ejusmodi
3958 2578 4254 2659 noti0-

1453 2722 1670 2781 nem
1738 2756 1771 2804 9
1831 2729 2058 2813 quae
2124 2699 2228 2787 ad
2301 2703 2861 2813 sapientiores
2930 2720 3307 2785 aetatum
3364 2703 3921 2808 sequentium
3995 2698 4257 2783 fixerit

1454 2846 1916 2941 propagata
1949 2886 1979 2934 9
2022 2827 2271 2915 facile
2327 2824 2843 2940 adprobatur
2903 2884 2926 2908 .
2994 2825 3307 2913 Cabala
3354 2828 3475 2909 sic
3535 2825 3970 2908 intellecta
4027 2827 4255 2910 bene

1453 2953 1720 3032 vertit
1750 3007 1776 3033 .
1840 2953 2158 3040 Risum
2201 2978 2412 3040 vero
2462 2969 2757 3040 movet
2807 2951 3119 3036 Cabala
3168 3010 3197 3057 9
3250 2953 3396 3034 cui
3451 2978 3543 3032 se
3586 2947 3882 3065 Judaei
3939 2975 4255 3035 recen-

1454 3074 1709 3157 tiores
1776 3075 2293 3167 addixerunt
2330 3137 2353 3157 .
2414 3080 2533 3161 Hi
2598 3082 2694 3160 in
2764 3079 3069 3160 litteris
3105 3135 3136 3180 9
3169 3079 3517 3189 punctis
3551 3133 3582 3177 9
3615 3078 4114 3160 accentibus
4168 3073 4257 3161 81

1452 3199 1736 3285 verbis
1786 3201 2276 3319 Scripturae
2304 3205 2478 3306 9sic
2547 3202 2831 3287 solent
2891 3198 3182 3286 ludere
3219 3261 3248 3306 9
3314 3219 3415 3284 ut
3461 3229 3566 3284 ex
3618 3204 3868 3287 variis
3936 3203 4256 3286 combi-

1456 3328 1960 3415 nationibus
1993 3389 2024 3436 9
2056 3332 2541 3416 litterarum
2586 3329 2853 3446 figura
2916 3385 2949 3436 9
3019 3328 3107 3414 ὅ(
3160 3331 3250 3413 νί
3312 3329 3843 3412 arithmetica
3901 3353 4258 3413 arcanos

1454 3476 1758 3535 sensus
1816 3456 2279 3542 extrudant
2314 3512 2340 3539 .
2402 3456 2853 3541 Dictiones
2886 3513 2916 3561 9
2950 3480 3058 3540 ex
3107 3480 3474 3566 quarum
3523 3454 3824 3537 litteris
3879 3452 4110 3537 idem
4160 3453 4282 3542 fit'

1455 3603 1878 3665 numerus
1933 3584 2518 3668 arithmeticus
2554 3639 2584 3687 9
2619 3579 2848 3665 idem
2903 3606 3257 3693 quoque
3327 3579 3804 3695 siguificare
3885 3599 4255 3664 conten·-

1455 3697 1732 3787 dunt.
1794 3706 1921 3794 Ita
1980 3723 2141 3824 npy
2176 3766 2208 3814 9
2247 3705 2484 3821 quod
2542 3724 2791 3792 sonat
2834 3707 3060 3790 Oriri
3119 3701 3487 3788 eandem
3573 3706 3876 3789 habere
3947 3704 4255 3794 dicunt

1452 3863 2184 3977 significationem
2220 3920 2250 3969 9
2278 3891 2375 3947 ac
2426 3872 2623 3970 ²³03?
2661 3918 2692 3966 9
2726 3857 2959 3974 quod
3025 3877 3156 3943 est
3219 3859 3690 3946 Consolans
3726 3920 3756 3968 9
3820 3865 3959 3950 vel
4020 3865 4257 3948 Con-

1453 4009 1778 4093 solator
1818 4069 1847 4114 9
1880 4010 2251 4096 Messiae
2298 4039 2630 4100 nomen
2672 4048 2702 4120 ς
2737 4035 3193 4130 propterea
3238 4019 3468 4128 quod
3507 4024 3951 4132 utriusque
3989 4025 4256 4105 nomi-

1459 4134 1598 4216 nis
1650 4132 1982 4220 litterae
2033 4135 2416 4222 eundem
2481 4139 2847 4228 reddant
2914 4170 3386 4227 numerum
3451 4166 3814 4232 centum
3842 4153 4256 4267 triginta,

1350 4353 1354 4358 ,
1457 4256 1545 4345 ἃ
1592 4277 1791 4345 octo
1829 4319 1853 4341 .
1920 4263 2157 4349 Haec
2208 4265 2515 4354 Cabala
2576 4269 3046 4383 appellatur
3111 4271 3553 4359 Gematria
3615 4333 3637 4356 .
3729 4271 4023 4359 Altera
4077 4273 4255 4358 Ca-

1456 4386 1690 4471 balae
1744 4392 2069 4497 species
2134 4389 2616 4476 Notat-icon
2684 4392 3001 4479 dicitur
3065 4452 3094 4499 9
3159 4399 3481 4510 quippe
3550 4394 3780 4513 quod
3861 4428 3966 4484 ex
4019 4403 4253 4483 notis

1458 4513 1815 4627 singulis
1847 4572 1877 4618 9
1934 4541 2086 4597 seu
2151 4514 2452 4598 litteris
2520 4522 2781 4603 unius
2863 4517 3266 4605 dictionis
3321 4578 3353 4626 9
3415 4541 3548 4614 tot
3611 4528 3805 4609 alias
3865 4523 4254 4608 efficiant

1457 4632 1885 4721 dictiones
1919 4699 1947 4735 ,
2002 4638 2411 4725 habentes
2488 4642 2829 4730 easdem
2884 4644 3203 4731 litteras
3250 4651 3620 4737 initiales
3689 4650 3828 4737 vel
3891 4647 4183 4732 finales
4221 4705 4247 4732 .

1457 4760 1596 4845 Sic
1653 4783 2086 4879 assumpta
2132 4791 2348 4854 voce
2400 4790 2692 4862 mvn-³³
2743 4798 2848 4876 ex
2910 4776 3192 4885 prima
3262 4776 3546 4860 littera
3599 4804 3650 4861 2
3705 4780 3956 4859 istam
4031 4801 4253 4861 con-

1458 4885 1809 5005 fingunt
1874 4911 2199 4977 nivem
2241 4892 2342 4976 In
2380 4895 2883 5011 princip1'03
2945 4901 3060 4986 Et
3122 4903 3245 4986 sic
3313 4898 3722 5015 deinceps
3779 4927 3830 4984 e
3893 4905 4251 5018 singulis

1461 5018 2019 5127 sequentibus
2075 5019 2377 5122 litteris
2439 5020 2808 5110 totidem
2855 5022 3247 5113 educunt
3296 5051 3550 5111 voces
3581 5085 3617 5137 9
3673 5025 3954 5116 donec
4009 5028 4250 5115 hunc

3445 5188 3451 5196 ·
4056 5179 4251 5238 sen·-
