4913 6618
634 790 944 888 pturae
989 758 1495 869 Editionem
1528 815 1560 867 ‚
1621 773 1980 873 quanta·
2015 759 2201 848 fieri
2262 766 2550 875 potuit
2608 753 3057 878 diligentia
3110 662 3463 883 castig

630 917 881 988 tam:
952 918 1214 1006 quam
1282 882 1636 1000 quidem
1673 944 1703 990 ‚
1765 890 1987 974 sicut
2049 891 2456 976 omnibus
2514 892 2907 974 numeris
2961 889 3473 978 absolutam·-

631 1053 798 1142 pro
859 1023 1236 1109 humana
1296 1015 1880 1102 imbecillitate
1911 1009 2344 1102 affirmare
2409 1013 2766 1103 difficile
2831 1033 2963 1103 est
2996 1075 3028 1128 ,
3094 1020 3210 1101 ita
3266 1035 3459 1105 cac·

631 1156 840 1239 teris
896 1147 1304 1235 omnibus
1339 1202 1371 1248 ,
1434 1167 1656 1256 quae
1723 1138 1836 1227 ad
1917 1143 2146 1258 hanc
2219 1171 2496 1256 nsque
2560 1139 2798 1228 diem
2866 1141 3467 1255 prodierunt-,·

630 1272 1375 1373 emendatiorem3
1439 1272 2052 1384 purioremque
2109 1297 2298 1356 esse
2358 1272 2733 1356 minime
2788 1267 3373 1357 dubitandum
3416 1328 3443 1354 .

626 1403 740 1491 Et
791 1429 1006 1491 vero
1047 1400 1438 1513 quamvis
1495 1400 1595 1481 in
1661 1399 1820 1486 hac
1875 1399 2354 1485 Bihliorum
2411 1395 3018 1514 recognitione
3055 1456 3085 1500 ‚
3150 1401 3247 1482 in
3281 1396 3461 1483 Co·

628 1525 962 1617 dicibus
1020 1526 1633 1640 manuscriptis
1699 1584 1731 1630 ,
1789 1524 2201 1611 Hebraeis
2259 1580 2293 1630 ,
2352 1521 2881 1637 Graecisque
2970 1523 3357 1609 fontibus
3411 1582 3446 1632 ‚

624 1654 716 1745 ἃ
777 1658 981 1766 ipsis
1032 1672 1425 1743 veterum
1490 1652 1866 1737 Patrum‘
1883 1652 2564 1760 Commentariis
2595 1648 3153 1760 conferendis
3188 1677 3441 1759 ,non

627 1780 1072 1869 mediocre
1124 1777 1511 1866 studium
1567 1775 2044 1864 adhibitum
2093 1776 2356 1863 fuerit
2386 1808 2415 1864 ε
2466 1781 2574 1861 'in
2645 1777 2802 1864 hac
2871 1796 3169 1863 tamen
3246 1797 3445 1891 'per-

515 1942 532 1955 ·
626 1910 973 2026 vulgata
1033 1909 1466 1995 Lectione
1496 1963 1532 2012 ,
1590 1907 1817 1992 sicut
1879 1906 2313 1990 nonnulla
2373 1905 2777 1991 consulto
2845 1922 3174 1989 mutata
3228 1959 3260 2007 ,
3324 1908 3443 1988 ita

626 2040 892 2123 etiam
959 2035 1117 2119 alia
1150 2092 1183 2140 ,
1247 2059 1471 2144 quae
1527 2025 1946 2119 mutanda
2010 2026 2534 2117 videbantur
2599 2089 2635 2135 ,
2722 2033 3181 2115 immutata
3236 2029 3441 2114 reli-

620 2180 765 2250 cta
824 2178 1098 2265 sunt;
1161 2180 1358 2244 tum
1414 2151 1651 2268 quod
1713 2161 1836 2240 ita
1888 2150 2393 2241 faciendum
2460 2167 2643 2239 esse
2695 2152 2808 2238 ad
2861 2157 3440 2244 offensionem
3582 2264 3599 2274 ο

621 2288 1146 2401 populorum
1208 2279 1657 2369 vitandam
1689 2337 1723 2386 ‚
1780 2297 2130 2366 sanctus
2214 2280 2815 2397 Hieronymus
2912 2310 3102 2367 non
3170 2283 3440 2367 semel

623 2412 1151 2513 admonuit3
1205 2428 1409 2494 tum
1463 2405 1698 2519 quod
1757 2405 2016 2493 facile
2067 2405 2252 2490 fiori
2310 2434 2557 2520 posse
2619 2404 3162 2494 credendum
3221 2409 3351 2492 es't
3402 2467 3437 2517 ‚

619 2558 723 2625 ut
789 2538 1154 2647 majores
1210 2537 1556 2638 nostri,
1617 2535 1773 2647 qui
1837 2559 1943 2619 ex
1996 2532 2408 2618 Hebraeis
2477 2590 2512 2640 ,
2601 2531 2693 2622 ἃ
2754 2530 3136 2656 Graeciss
3170 2534 3440 2622 latina

614 2661 1025 2752 fecerunt
1056 2720 1088 2768 ‚
1149 2665 1491 2775 copiam
1542 2659 2001 2746 meliorum
2035 2714 2069 2761 ‚
2125 2656 2217 2746 ἃ
2265 2657 2957 2747 emendatiorum
3016 2662 3435 2750 librorum

611 2789 1075 2876 habuerint
1099 2843 1131 2892 ,
1191 2815 1456 2903 quam
1521 2790 1588 2871 ii
1650 2786 1806 2899 qui
1853 2802 2050 2899 post
2103 2784 2450 2874 illorum
2478 2804 2854 2873 aetatem
2888 2784 2996 2871 ad
3033 2814 3195 2872 nos
3248 2814 3437 2900 per-

610 2933 1060 3003 venerunt
1128 2973 1160 3020 ,
1256 2918 1410 3025 qui
1495 2910 1855 2999 fortasse
1937 2928 2126 2994 tam
2178 2913 2445 3030 longo
2497 2931 2895 3028 tempore
2951 2910 3433 3003 identidem

613 3036 1183 3128 describendo
1236 3043 1535 3125 minus
1577 3038 1776 3152 puri
1804 3092 1834 3139 ‚
1883 3054 2158 3147 -atque
2211 3042 2534 3156 integri
2562 3056 3056 3126 -evaserunt
3125 3067 3189 3122 z·
3235 3057 3433 3127 tum

614 3166 999 3278 denique
1035 3225 1065 3269 ‚
1131 3169 1339 3278 quia
1394 3190 1678 3249 sacrae
1715 3161 2398 3279 congregationi
2430 3164 3195 3278 Amplissimorum
3228 3164 3433 3251 Car·

616 3289 1044 3379 dinalium
1083 3350 1113 3397 ‚
1174 3291 1529 3403 aliisque
1585 3285 2177 3376 eruditissimis
2222 3294 2426 3379 viris
2477 3287 2585 3377 ad
2648 3291 2810 3378 hoc
2881 3320 3097 3407 opus
3130 3320 3178 3376 a
3211 3288 3436 3380 Sede

614 3416 1119 3533 Apostolica
1164 3415 1517 3502 delectis
1579 3474 1613 3520 ,
1674 3417 2214 3531 propositum
2277 3444 2465 3501 non
2521 3415 2693 3501 fuit
2748 3474 2782 3523 ‚
2876 3445 3202 3508 novam
3288 3419 3435 3504 ali·

609 3571 880 3658 quam
947 3539 1429 3627 editionem
1499 3536 1876 3639 cudere,
1937 3542 2078 3628 vel
2131 3548 2596 3656 antiquum
2653 3545 3194 3658 Intepretem
3261 3545 3429 3632 ulla

609 3696 720 3755 ex
772 3689 1022 3781 parte
1083 3673 1508 3784 corrigere
1543 3725 1573 3772 ‚
1637 3667 1780 3754 vel
1829 3665 2294 3753 emendare
2358 3699 2389 3773 ς
2488 3665 2639 3752 sed
2699 3674 2971 3781 ipsam
3038 3688 3430 3758 veterem

601 3824 704 3884 ac
769 3796 1240 3912 Vulgatam
1287 3790 1759 3878 editionem
1815 3792 2225 3877 Latinam
2258 3852 2289 3898 ‚
2352 3821 2404 3878 a
2469 3792 2813 3879 mendis
2871 3813 3269 3882 veterum
3330 3799 3426 3882 li·

606 3923 1090 4008 brariorum
1158 3977 1189 4023 ‚
1253 3945 1614 4003 necnon
1686 3945 2141 4030 pravarum
2208 3918 2929 4007 emendationum
2996 3923 3426 4010 erroribus

605 4064 1158 4163 repurgatam
1195 4100 1225 4147 ‚
1289 4070 1489 4129 suae
1549 4046 1963 4158 pristinae
2015 4049 2489 4162 integritati
2544 4074 2642 4133 ac
2690 4050 3041 4159 puritati
3083 4108 3115 4154 ‚
3142 4047 3426 4163 quoad

596 4175 784 4287 ejus
853 4173 1042 4258 fieri
1109 4172 1396 4284 potuit
1453 4226 1487 4273 ‚
1548 4171 2063 4255 restituere:
2139 4195 2415 4283 eaque
2467 4177 2856 4259 restituta
2909 4230 2939 4277 ‚
3004 4193 3106 4259 ut
3160 4203 3425 4287 quam

602 4294 1310 4387 emendatissime
1366 4298 2020 4407 imprimeretur
2085 4297 2324 4407 juxta
2406 4297 2787 4384 Concilii
2842 4295 3425 4391 oecumenici

603 4420 1059 4509 decretum
1092 4480 1123 4523 ‚
1185 4447 1348 4534 pro
1395 4421 1718 4506 viribus
1785 4448 2140 4535 operam
2191 4419 2392 4507 dare
2429 4481 2495 4528 ‚‚
2534 4481 2559 4508 .
2629 4423 2756 4507 Ex
2836 4420 3072 4511 hisce
3128 4429 3423 4539 itaque

592 4543 1015 4671 ἆφςοντίς-ως
1081 4543 1259 4652 ’ἔχειν
1312 4547 1566 4631 nobis
1598 4543 1999 4634 videmur
2033 4603 2064 4652 ,
2127 4541 2344 4633 dum
2376 4549 2852 4666 colligimus
2884 4554 3171 4661 primo
3205 4551 3419 4637 Vul-

592 4692 882 4791 gatam
928 4690 1314 4758 veterem
1363 4688 1573 4755 ante
1631 4668 2262 4761 Tridentinum
2320 4671 2833 4762 Concilium
2892 4679 2985 4760 in
3060 4705 3219 4762 usu
3256 4737 3286 4785 ‚
3333 4676 3424 4768 ἃ

592 4801 1196 4911 acceptatione
1250 4795 1681 4881 Ecclesiae
1736 4824 1895 4882 suo
1948 4796 2213 4886 modo
2278 4802 2722 4888 authentia
2818 4804 3191 4890 minime
3279 4832 3419 4891 ca-

590 4928 863 5010 ruisse
894 4955 919 5005 ε
984 4919 1373 5008 secundo
1429 4950 1587 5034 per
1633 4949 2130 5036 expressum
2207 4921 2319 5010 de
2373 4924 2788 5026 hodierna
2839 4924 3207 5044 Vulgata
3297 4930 3421 5039 ju·

591 5044 927 5140 dicium
957 5105 995 5158 ,
1057 5049 1188 5134 nil
1247 5046 1636 5135 fontibus
1696 5048 2111 5136 Hebraeis
2143 5108 2174 5155 ‚
2233 5078 2336 5142 ac
2417 5051 2771 5144 Graecis
2834 5049 3100 5142 fuisse
3155 5052 3413 5142 dero-

2065 5171 2143 5258 Z
2202 5201 2253 5260 2
3279 5211 3410 5302 ga·
