4913 6618
583 634 910 753 phetas
938 691 969 737 ‚
1027 634 1237 747 qnia
1268 627 1776 716 Nazaraeus
1807 625 2257 713 vocabitur
2287 678 2329 732 ,·
2378 622 2672 709 homil.
2713 642 2833 710 1x.
2882 626 3005 712 sic
3055 609 3352 712 scribit
3377 655 3404 709 ε

604 763 821 874 Quis
883 763 1141 878 igitur
1201 756 1363 841 hoc
1422 759 1776 841 asseruit
1832 754 2451 866 Prophetarum
2488 758 2529 833 ’ἓ
2559 749 3131 865 Nequaquam
3175 780 3411 841 scru-

604 892 812 974 teris
861 893 1018 969 ista
1052 941 1082 987 ‚
1148 908 1441 996 neque
1466 886 1556 967 in
1599 876 2019 992 ejusmodi
2050 880 2310 967 fueris
2343 878 2725 964 curiosus
2762 934 2785 958 .
2849 877 3131 963 Multa
3163 884 3410 969 enim

607 1037 714 1097 ex
768 1012 1285 1123 propheticis
1339 1012 1672 1123 periere
1728 1009 2330 1095 monumentis
2366 1064 2396 1111 ,
2460 1000 2694 1114 quod
2751 1002 2861 1090 de
2889 1002 3233 1089 historia
3264 1009 3409 1091 Pa·-

606 1138 1209 1249 ralipomenon
1286 1138 1642 1249 probare
1701 1135 2098 1247 possibile
2150 1151 2280 1220 est
2339 1188 2363 1215 .
2465 1126 2825 1217 Desides
2898 1133 3145 1213 enim
3205 1158 3415 1217 cum

609 1282 902 1351 essent
948 1260 1247 1379 Judaei
1285 1320 1315 1366 ‚
1378 1289 1546 1347 nec
1604 1255 1932 1345 desides
1988 1256 2254 1346 modo
2289 1250 2535 1364 ,sed
2591 1254 2677 1345 ἃ
2732 1259 2980 1366 impii
3037 1255 3196 1338 alia
3231 1260 3418 1367 qui-

612 1384 812 1473 dem
850 1386 1419 1502 perdiderunt
1456 1387 1996 1502 negligenter
2029 1441 2061 1489 ,
2121 1386 2276 1469 alia
2302 1410 2514 1472 vero
2542 1401 2735 1468 tum
2761 1379 3354 1468 incenderunt
3379 1440 3413 1487 ‚

615 1529 808 1599 tum
866 1510 1447 1599 conciderunt
1512 1569 1536 1593 .
1598 1511 1705 1593 Et
1759 1509 1866 1593 de
1912 1512 2511 1624 prophanitate
2572 1506 2926 1618 quidem
2987 1507 3138 1590 tali
3207 1509 3416 1593 Hie-

615 1643 925 1723 remias
987 1638 1310 1738 resert;
1376 1634 1484 1720 de
1550 1636 2074 1752 negligentia
2131 1664 2339 1722 vero
2398 1639 2492 1716 in
2564 1651 2872 1744 quarto
2924 1630 3274 1748 Regum
3329 1634 3421 1717 li·

616 1763 775 1848 bro
837 1766 1194 1880 legimus
1231 1821 1261 1864 ‚
1326 1765 1744 1875 quoniam
1811 1780 2001 1873 post
2061 1762 2439 1847 multum
2473 1762 2884 1869 temporis
2917 1816 2950 1863 ‚
3011 1762 3159 1844 vix
3190 1759 3422 1843 Deu-

616 1893 1086 1975 teronomii
1151 1892 1262 1972 sit
1314 1888 1722 1975 volumen
1779 1905 2221 2000 repertum
2288 1946 2316 1986 ,
2372 1883 2805 1971 defossum
2867 1882 3243 1995 quodam
3318 1889 3420 1971 in

612 2013 812 2099 loco
846 2075 876 2117 ‚
939 2043 1039 2100 ac
1108 2040 1337 2127 pene
1398 2009 1836 2096 deletum.
1900 2012 1986 2095 Si
2039 2031 2332 2096 autem
2389 2014 2708 2122 absque
2768 2010 2943 2095 ulla·
2982 2014 3421 2098 incensio·

618 2164 742 2223 ne
800 2140 1205 2251 Templi,
1271 2141 1588 2249 absque
1658 2139 1829 2221 ullo
1877 2141 2452 2252 impugnante
2517 2136 2911 2223 Civitatis
2978 2136 3427 2240 tumultu,

470 2364 483 2369 ,
623 2271 839 2348 sacri
896 2283 1191 2347 tamen
1256 2265 1445 2345 libri
1498 2267 1729 2348 varie
1788 2259 2356 2372 deperibant:
2426 2264 2617 2371 quis
2683 2264 2854 2345 iam
2915 2258 3140 2344 istud
3191 2265 3428 2344 inter

623 2387 809 2469 illas
877 2385 1579 2497 depopulationes
1616 2442 1646 2484 ‚
1709 2390 2403 2496 vastationesque
2481 2383 2854 2468 hostium
2908 2444 2936 2486 ‚
2999 2412 3095 2468 ac
3164 2389 3429 2469 totius

629 2513 859 2594 urbis
916 2509 1327 2594 incendia
1383 2513 1841 2623 contigisse
1876 2569 1904 2611 ‚
1970 2505 2402 2594 miretur?
2437 2567 2500 2611 ,,
2565 2513 3019 2622 Quaerunt
3076 2512 3240 2595 viri
3288 2507 3431 2594 do-

625 2637 745 2720 cti
805 2692 835 2736 ,
896 2662 1009 2717 an
1067 2637 1455 2746 superius
1510 2637 1960 2718 memorati
2029 2639 2181 2746 qui
2234 2629 2741 2720 exciderunt
2806 2637 2996 2719 libri
3063 2691 3093 2737 ‚
3158 2661 3434 2745 quum
3507 2705 3511 2709 ⁴

626 2761 1013 2870 primum
1062 2778 1269 2841 sunt
1327 2760 1708 2862 exarati,
1774 2763 1988 2842 sacri
2048 2760 2380 2845 fuerint
2445 2777 2706 2873 atque
2763 2757 3038 2847 divini
3074 2758 3442 2844 ?Omni·

625 2886 782 2969 bus
848 2887 1181 2966 Interea
1247 2884 1779 2995 exploratum
1846 2902 1973 2967 est
2009 2941 2039 2984 ‚
2106 2886 2446 2967 nullum
2501 2885 2731 2996 apud
2793 2887 3228 2971 Hebraeos
3275 2913 3435 2969 ex·-

624 3011 898 3095 titisse
954 3008 1478 3109 Canonem‚
1543 3036 1717 3118 quo
1782 3025 2202 3119 tanquam
2281 3005 2564 3093 dlvini
2654 3026 3361 3123 proponerentur
3401 3070 3438 3119 ‚

628 3148 733 3219 ut
799 3129 1164 3218 declarat
1230 3134 1314 3216 S.
1374 3133 1471 3214 P;
1539 3132 2083 3249 Augustinus
2142 3136 2285 3218 lib.
2322 3150 2572 3221 XV111.
2639 3134 2746 3218 de
2797 3135 3062 3225 civit.
3104 3135 3269 3220 Dei
3304 3138 3444 3220 in-

628 3261 1010 3372 quiens:
1080 3261 1178 3343 ln
1252 3263 1432 3365 ipsa
1498 3260 1838 3344 historia
1897 3259 2241 3377 Regum
2280 3258 2557 3377 Juda,
2621 3259 3086 3380 &Regum
3134 3261 3444 3368 lsrael,

628 3407 855 3496 quae
924 3412 1060 3466 res
1119 3403 1391 3501 gestas
1454 3390 1861 3468 continet
1930 3441 1959 3490 ,
2053 3385 2162 3470 de
2245 3390 2552 3499 quibus
2612 3387 2894 3478 eidem
2958 3390 3450 3501 Scripturae

630 3508 1134 3595 Canonicae
1171 3505 1598 3594 credimus
1634 3566 1665 3611 ‚
1728 3533 2532 3598 commemorantur
2558 3516 2929 3625 plurima
2977 3575 3006 3620 9
3071 3544 3292 3626 quae
3325 3518 3448 3603 ibi

631 3660 825 3718 non
892 3634 1433 3745 explicantur
1498 3690 1532 3737 9
1626 3630 1715 3718 ἃ
1768 3636 1861 3715 in
1927 3634 2155 3717 libris
2234 3639 2412 3724 aliis
2499 3642 2884 3724 inveniri
2969 3640 3449 3747 dicuntur,

630 3786 850 3869 quos
911 3756 1385 3870 Prophetae
1452 3759 1983 3869 scripserunt
2053 3814 2082 3861 ‚
2179 3759 2266 3845 81
2325 3762 2635 3844 alicubi
2718 3789 3022 3848 eorum
3101 3791 3454 3875 quoque

630 3880 1257 3993 Prophetarum
1350 3886 1715 3966 nomina
1791 3878 1985 3966 'non
2069 3900 2474 3968 tacentur
2512 3944 2541 3988 ,
2605 3913 2774 3973 nec
2828 3906 3125 3974 tamen
3193 3893 3454 3976 inve-

596 4011 1014 4120 niuntur
1076 4012 1169 4091 in
1225 4007 1596 4126 Canone
1633 4065 1662 4112 ,
1694 4035 1961 4120 quem
1991 4013 2318 4122 recepit
2348 4013 2717 4122 populus
2748 4015 2914 4100 Dei
2953 4070 2976 4095 .
3045 4070 3112 4119 „
3175 4016 3463 4128 Quae-

628 4136 804 4219 stio
860 4133 1560 4246 vero‘proposita
1609 4162 1657 4217 a
1705 4152 2010 4217 sancto
2061 4134 2440 4220 Doctore
2484 4192 2516 4240 9
2578 4142 2732 4247 qui
2787 4142 3181 4256 ingenue
3236 4168 3460 4226 con-

638 4257 931 4343 fitetur
989 4261 1146 4344 sibi
1212 4282 1600 4343 caussam
1656 4286 1838 4343 esse
1888 4262 2280 4375 ignotam
2313 4319 2343 4363 ‚
2405 4287 2564 4345 cur
2594 4265 2690 4355 in
2728 4290 3074 4350 canone
3108 4265 3465 4378 quidam

640 4382 1269 4496 Prophetarum
1337 4384 1528 4466 libri
1592 4411 1778 4468 non
1843 4388 2023 4467 sint
2078 4382 2487 4488 admissi,
2551 4404 2745 4499 post
2779 4417 2982 4474 mox
3011 4391 3256 4476 allata
3289 4422 3467 4479 ver·-

634 4510 748 4598 ba
811 4511 928 4591 ita
978 4509 1494 4595 resolvitur:
1564 4508 1752 4593 Nisi
1814 4506 2047 4621 quod
2112 4513 2507 4595 existimo
2544 4571 2572 4613 ‚
2637 4517 2903 4601 etiam
2953 4519 3179 4629 ipsos
3214 4574 3244 4620 ‚
3281 4521 3464 4629 qui-

641 4634 800 4719 bus
857 4663 958 4718 ea
1013 4693 1045 4741 ,
1107 4659 1329 4746 quae
1414 4637 1509 4717 in
1589 4640 2093 4720 auctoritate
2172 4634 2651 4754 Religionis
2708 4666 2891 4726 esse
2957 4639 3377 4734 deberent
3432 4705 3464 4752 ,

646 4754 1021 4847 Sanctus
1077 4763 1385 4869 utique
1440 4758 1804 4872 Spiritus
1864 4762 2289 4848 revelabat
2326 4822 2355 4867 ‚
2415 4764 2573 4847 alia
2630 4767 2852 4851 sicut
2884 4767 3281 4853 homines
3337 4770 3469 4854 hi·-

654 4885 974 4969 storica
1019 4885 1463 5002 diligentia
1496 4943 1527 4990 ,
1588 4888 1746 4970 alia
1791 4890 2013 4972 sicut
2053 4885 2512 5001 Prophetas
2559 4892 3132 5004 inspiratione
3168 4892 3467 4983 divina

646 5008 1027 5096 scribere
1080 5015 1462 5124 potuisse
1511 5042 1534 5097 ε
1602 5031 1861 5127 atque
1906 5012 2114 5101 haec
2157 5016 2276 5104 ita
2321 5014 2580 5106 fuisse
2637 5013 3041 5106 distincta
3064 5077 3098 5126 ,
3164 5038 3267 5104 ut
3327 5023 3467 5116 illa

3250 5162 3468 5231 tam-
