4913 6618
3344 582 3529 686 181⁸

1147 689 1619 806 1NDE‘x
1740 696 3104 810 PRoposleNuM

1254 959 1326 1058 ᾗ.
1393 962 1508 1033 ῙῙ.

713 1172 792 1237 ⁰1.
813 1066 990 1242 A
1025 1158 1589 1262 giographorum
1688 1159 2047 1236 Codicum

810 1266 1098 1360 Epocha
1164 1265 1427 1338 merito
1462 1282 1630 1336 ante
1662 1265 2050 1336 Pentateu-

810 1366 1024 1438 chum
1064 1366 1423 1440 statuitur
1454 1402 1476 1425 ο
1513 1387 1759 1463 pag.3.
1795 1366 1930 1438 ἃς.

710 1487 756 1544 2
817 1466 1126 1565 Vigente
1165 1472 1348 1566 Lege
1406 1469 1493 1537 V·
1559 1466 1770 1540 multi
1831 1464 2045 1563 Agio-

815 1569 1065 1665 graphi
1099 1570 1412 1666 Codices
1437 1567 2043 1663 exciderunt-p·4·

711 1687 752 1759 3
809 1671 1091 1745 Horum
1149 1670 1375 1765 aliqui
1436 1670 1536 1743 ita
1584 1671 2042 1768 pertinebant

802 1773 894 1844 ad
926 1772 1327 1870 Religionis
1361 1772 1869 1846 auctoritatem
1906 1819 1932 1858 ‚
1957 1788 2041 1844 ut

801 1894 972 1944 vere
1005 1874 1189 1950 sacri
1225 1871 1717 1970 forenta‚tque
1757 1872 1986 1944 divini
2012 1909 2034 1933 ·

798 1996 877 2069 P·
903 1992 978 2068 7·

1206 2075 1280 2173 ᾗ.
1357 2076 1520 2146 ΙΙΙ.

705 2298 736 2347 ι
798 2275 1070 2375 Lingua
1142 2275 1652 2350 Patriarchalis
1716 2291 1826 2350 est
1879 2303 2032 2354 om·

800 2377 1001 2450 nium
1029 2377 1570 2450 vetustissima·
1625 2404 1696 2476 p·
1675 2379 1778 2452 ··8

696 2496 742 2552 2
800 2479 916 2551 Ad
951 2480 1239 2552 Esdram
1282 2501 1508 2576 usque
1532 2481 1911 2570 Hebraei,
1960 2484 2030 2557 8<

795 2579 1225 2653 Samaritani
1256 2579 1510 2655 iisdem
1530 2580 1640 2657 usi
1662 2602 1832 2657 sunt
1863 2585 2028 2658 cha-

793 2682 1196 2755 racteribus
1231 2720 1253 2743 ·
1307 2708 1378 2779 ρ.
1424 2705 1535 2755 ιο.

696 2801 736 2872 3
797 2782 1073 2856 Puncta
1129 2784 1404 2857 vocalia
1453 2786 1827 2860 hodiernis
1879 2788 2025 2861 He·

787 2884 1466 2980 braeorumtlitteris
1504 2887 1782 2985 adjecta
1811 2937 1839 2977 ,
1902 2910 2025 2960 ne-

790 3007 935 3082 que
968 2985 1057 3057 ab
1087 2984 1632 3084 Esdrapfiierunt
1664 2989 1964 3063 inventa
1994 3038 2023 3078 ,

793 3110 1030 3183 neque
1065 3085 1467 3161 instaurata
1494 3138 1513 3159 .
1569 3113 1681 3186 p·¹
1708 3115 1769 3163 1.

681 3200 739 3286 {4
785 3188 1042 3261 Eadem
1064 3237 1091 3277 ,
1127 3215 1276 3261 non
1312 3213 1517 3264 secus
1546 3215 1629 3264 ac
1664 3192 1844 3265 aliae
1873 3195 2023 3267 He-

782 3289 1062 3365 braicae
1091 3289 1515 3387 scriptionis
1545 3314 1785 3368 notae
1811 3344 1838 3386 ‚
1895 3321 2015 3370 au-

784 3393 1117 3466 ctoribus
1219 3400 1543 3467 Masorae
1637 3395 2021 3494 praecipue

784 3514 953 3566 sunt
989 3493 1558 3590 adjudicandae·
1603 3522 1678 3595 p.
1709 3518 1821 3590 13.

689 3595 1116 3688 §Iudaicae
1165 3597 1481 3669 Kabalae
1537 3599 2015 3688 Gemmatrt'a,

689 3609 1253 3785 ‘Natura-on,
1311 3693 1674 3773 Tentura
1651 3717 1847 3775 inter
1884 3724 2019 3773 no-

781 3798 904 3872 xia
948 3796 1295 3898 figmenta
1341 3819 1512 3873 sunt
1555 3801 1944 3899 rejicienda
1987 3849 2015 3890 ‚

781 3898 1004 3997 idque
1050 3901 1164 3970 vel
1211 3900 1519 3973 maxime
1570 3902 1657 3974 de
1701 3905 2015 3994 Kabala,

778 4026 996 4099 quam
1022 4002 1410 4100 practicam
1440 4001 1691 4077 dicunt
1708 4004 2018 4078 sentien-

780 4104 949 4177 dum
980 4139 1003 4163 ο
1041 4127 1113 4199 p.
1170 4125 1282 4195 14.

666 4199 724 4272 '6
774 4202 1208 4278 Misknicum
1249 4228 1436 4300 opus
1505 4225 1670 4302 post
1732 4204 2014 4280 Christi

775 4309 872 4380 D.
929 4306 1321 4379 adventum
1375 4303 1516 4381 fuit
1563 4312 2013 4382 conflatum.

902 4424 1013 4496 ¹5·

669 4520 725 4605 7
776 4432 1086 4581 ¹ialmud
1137 4510 1654 4607 Babylonicum
1693 4510 2013 4612 undique

778 4605 1236 4706 impietatem
1270 4609 1598 4686 redolet.
1649 4640 1725 4710 p.
1767 4616 1880 4689 16

1186 4811 1259 4912 §-
1350 4815 1502 4887 lv.

669 5036 713 5104 ,ι
770 5014 1188 5096 Hodiernus
1206 5016 1479 5096 'reatus
1493 5004 1864 5099 Hebraeus
1879 5045 2011 5100 ceu

2031 4488 2040 4495 ,
2143 4433 2184 4505 3
2245 4413 2774 4486 pentateuchus
2806 4412 3290 4487 Samaritanus
3315 4413 3488 4487 Hie.

2274 976 2573 1052 prorsus
2602 949 3062 1028 adulterinus
3089 975 3239 1025 non
3272 967 3379 1029 est
3405 954 3518 1030 ha·

2275 1056 2552 1130 bendus
2587 1093 2610 1115 ο
2664 1081 2735 1153 p.
2772 1074 2885 1148 17.

2176 1181 2220 1233 2
2279 1157 2490 1251 Qae
2514 1156 2592 1230 in
2617 1182 2780 1231 eum
2805 1154 3254 1253 irrepserunt
3287 1159 3514 1255 sphal-

2278 1276 2472 1332 mata
2504 1260 2776 1332 directe
2812 1257 3063 1348 Fidei,
3117 1261 3230 1332 vel
3294 1259 3514 1333 mori-

2277 1362 2413 1434 bus
2450 1360 2810 1434 adversari
2841 1385 2992 1435 non
3022 1360 3459 1438 assentimur
3481 1410 3511 1436 .

2276 1486 2350 1559 p.
2373 1482 2496 1532 20.

2179 1587 2217 1659 3
2277 1564 2495 1638 Haud
2554 1587 2730 1636 vero
2761 1562 2969 1636 illum
3007 1564 3338 1639 absolute
3387 1590 3512 1642 au·

2276 1662 2686 1739 thenticum
2726 1665 3114 1763 opinamur
3136 1714 3157 1738 .
3188 1692 3262 1764 p.
3283 1689 3404 1742 21·

2706 1869 2779 1966 ς.
2875 1870 2965 1940 ν.

2125 2037 2134 2045 .
2169 2098 2194 2146 1
2258 2073 2473 2147 Esdra
2504 2072 2946 2171 Babylonica
2990 2072 3233 2148 soluta
3277 2072 3506 2169 capti‘-

2257 2175 2489 2249 vitate
2524 2196 2762 2248 sacros
2782 2173 3011 2246 libros
3032 2171 3501 2265 instauravit,

2260 2301 2343 2350 ac
2391 2276 2469 2350 in
2515 2298 2738 2349 unum
2794 2276 3138 2347 volumen
3169 2275 3511 2375 redegit·
3638 2273 3646 2281 ’

2366 2398 2458 2469 23

2158 2502 2199 2553 2
2254 2405 2559 2555 Epsdrino
2583 2476 2875 2554 Canoni
2901 2502 3133 2576 neque
3157 2480 3503 2553 Canones

2259 2583 2495 2670 alios,
2550 2605 2783 2681 neque
2821 2581 3003 2654 alios
3061 2581 3366 2654 subinde
3424 2581 3503 2655 li-

2254 2686 2427 2758 bros
2463 2682 2775 2758 Hebraei
2809 2681 3266 2756 addiderunt.
3290 2705 3492 2780 p.24.

2154 2805 2195 2877 3
2247 2787 2678 2873 judaeorum
2726 2786 2987 2858 Canon
3045 2784 3274 2857 libros
3312 2807 3498 2858 xxu·

2254 2888 2882 2985 complectebatur
2919 2936 2938 2957 .
2994 2911 3066 2982 p.
3090 2905 3229 2978 ας.

2151 3009 2205 3083 4
2255 2987 2683 3063 Catholicae
2727 2987 3081 3059 Ecclesiae
3121 2991 3382 3059 Canon
3409 2987 3500 3060 il-

2254 3093 2369 3163 los
2423 3111 2678 3162 omnes
2742 3110 2986 3160 saeros
3040 3088 3268 3160 libros
3314 3086 3496 3163 indi·

2253 3189 2733 3265 scriminatim
2851 3191 3405 3286 comprehendit
3457 3238 3486 3278 ,

2253 3318 2440 3391 quos
2469 3293 2547 3366 in
2572 3292 2725 3389 ejus
2751 3290 2836 3365 de
2860 3291 3259 3365 Canonicis
3280 3290 3491 3366 libris

2256 3397 2554 3469 decreto
2599 3398 2668 3467 S.
2692 3393 3120 3470 Tridentina
3160 3395 3495 3494 Synodus

2254 3495 2682 3572 recensuit·
2733 3520 2808 3593 p
2837 3519 2959 3594 29.

2657 3698 2730 3797 §-
2834 3701 2981 3772 vt-

2153 3927 2181 3979 ι
2246 3903 2627 3978 Onkelosii
2654 3952 2683 3993 ,
2740 3903 2807 3976 8<
2834 3903 3264 3991 Jonathanis
3293 3928 3485 4005 para-

2199 4009 2536 4103 'phrases
2588 4031 2960 4104 perperam
3010 4007 3259 4092 ludaei
3311 4008 3490 4082 Pro·

2240 4108 2485 4203 phetis
2508 4106 2830 4181 referunt
2863 4116 3243 4205 acceptas.
3266 4135 3338 4206 p.
3365 4130 3489 4203 33

2145 4230 2186 4281 2
2243 4211 2665 4306 Utrumque
2687 4233 2864 4283 vero
2896 4229 3065 4282 ante
3107 4215 3238 4283 Ae.
3261 4213 3373 4285 Vu
3391 4217 3486 4311 lg

2239 4310 2567 4387 floruisse
2592 4311 2888 4384 minime
2924 4308 3352 4389 diffitemur·
3382 4314 3487 4389 ib.
3494 4392 3509 4433 ἱ

2243 4513 2537 4614 ronymi
2594 4533 2831 4587 aetate
2888 4513 3278 4609 primaevis
3343 4517 3483 4588 He.

2199 4615 2509 4690 'braicis
2566 4614 3100 4690 characteribus
3171 4615 3482 4715 descrip-

2244 4734 2364 4797 tus
2394 4719 2897 4793 asservabatur
2933 4766 2954 4787 .
3010 4714 3188 4790 ibid.

2469 4921 2539 5020 s.
2600 4923 2759 4997 vu·
2819 4921 2888 5001 a
2957 4919 3155 4996 v111.

2150 5046 2178 5099 1
2240 5023 2455 5104 Liber
2480 5023 2856 5104 Arietaeae
2877 5047 3030 5101 non
3052 5039 3160 5098 est
3178 5067 3208 5114 ,
3233 5024 3485 5122 quoad
