4913 6618
2466 611 2484 620 -
3184 555 3223 613 1
3242 553 3361 646 29

565 655 934 783 'scopum
959 723 990 772 9
1045 659 1546 783 Pelagiana'e
1596 659 1960 749 haeresis
2009 659 2525 748 acerrimum
2571 669 3302 775 propugnatorem
3326 715 3359 762 9

563 820 676 902 ‘ac
733 822 1053 912 magno
1086 793 1435 877 Parenti
1466 790 1961 909 Augustino
1987 788 2668 873 infensissimum
2704 843 2734 888 9
2794 786 3099 869 decem
3130 783 3360 866 libris

573 923 1030 1039 exagitavit
1060 977 1082 1000 .
1109 917 1538 1032 Cyrillum
1573 921 2001 1001 subsecuti
2025 931 2232 999 sunt
2264 911 2707 996 Prote-rins
2738 967 2768 1012 9
2805 911 3307 993 Tirnotheus
3330 963 3366 1012 9

571 1045 773 1130 Solo
832 1045 1212 1131 hac-iolas
1247 1101 1276 1148 9
1340 1042 1780 1152 johannes
1874 1043 2180 1153 Talnjct
2245 1039 2525 1123 avitae
2606 1037 3064 1122 catholicae
3132 1030 3373 1116 Fidei

577 1076 968 1256 Vindices
1003 1228 1034 1276 9
1095 1168 1183 1258 St
1249 1169 1617 1255 cultores
1650 1225 1676 1251 .
1738 1167 1981 1280 Quae
2037 1192 2246 1253 vero
2300 1182 2697 1275 eruperat
2754 1167 2981 1247 circa
3028 1190 3137 1244 an
3154 1187 3374 1246 num

578 1296 800 1403 448.
841 1354 873 1400 9
933 1324 1039 1381 ex
1133 1293 1634 1409 Eutychetis
1696 1292 1802 1378 C.
1854 1291 1948 1375 P.
2018 1285 2775 1402 Archimandritae
2859 1284 3301 1371 dementia
3334 1340 3367 1390 9

579 1416 1408 1535 Monophysitarum
1462 1421 1821 1506 haeresis
1878 1476 1908 1521 9
1969 1418 2481 1502 Dioscorum
2562 1413 3077 1528 Episcopum
3171 1413 3367 1496 Ale·

576 1543 1110 1632 xandrinum
1172 1603 1208 1653 9
1289 1548 1669 1657 aliosque
1745 1540 2135 1652 ejusdem
2227 1541 2625 1624 faction‘m
2694 1599 2725 1644 9
2808 1539 3372 1634 Timotheum

574 1667 1003 1758 Aelurum
1073 1729 1107 1778 9
1198 1671 1555 1757 Petrum
1657 1668 2079 1786 Moggum
2147 1728 2178 1773 9
2271 1665 2849 1751 Athanasium
2940 1725 2971 1770 9
3049 1666 3373 1782 Johan-

576 1820 794 1882 nem
850 1795 1227 1884 Stemula
1259 1853 1294 1901 9
1352 1794 1441 1883 ἃ
1487 1797 1848 1881 Petrum
1875 1794 2354 1878 ‘Fullonem
2387 1795 2707 1877 invasit
2740 1851 2762 1874 .
2828 1792 3171 1877 Praeter
3201 1791 3373 1875 Eu·-

576 1923 1081 2034 tychianam
1132 1922 1180 2035 (
1227 1949 1492 2036 quam
1542 1919 2000 2008 Dioscorus
2061 1978 2091 2025 9
2185 1922 2282 2002 in
2376 1918 2854 2004 latrocinali
2942 1918 3367 2030 Ephesina

572 2044 936 2160 Synodo
969 2107 1000 2153 9
1060 2078 1112 2134 a
1164 2050 1469 2135 Leone
1529 2046 1864 2163 Magno
1913 2041 2316 2130 damnata
2382 2099 2415 2148 9
2504 2041 2948 2156 adprobari
3007 2071 3373 2131 curave-

569 2192 713 2270 tat
761 2171 810 2285 )
878 2173 1659 2261 Monothelitarum
1705 2198 2055 2284 quoque
2120 2172 2482 2255 haeresis
2545 2225 2575 2270 9
2639 2169 2856 2253 illius
2918 2172 3304 2258 surculus
3341 2223 3374 2271 9

577 2296 668 2384 ἃ
725 2296 1159 2412 appendix
1190 2358 1221 2405 9
1283 2320 1715 2412 quatenus
1778 2323 2050 2383 unam
2090 2314 2440 2381 tantum
2463 2297 2973 2410 agnoscebat
3004 2302 3096 2381 in
3129 2297 3375 2383 Chri-

575 2439 716 2508 sto
782 2424 1329 2510 voluntatem
1365 2482 1396 2530 9
1455 2422 1544 2511 81
1595 2426 2032 2509 actionem
2066 2480 2097 2527 9
2161 2418 2837 2510 Alexandrinam
2869 2420 3181 2509 Sedem
3208 2422 3378 2508 foe·

575 2544 815 2636 davit
845 2606 872 2634 .
938 2547 1380 2636 Heraclius
1439 2549 1917 2663 Imperator
1976 2607 2010 2657 9
2073 2576 2412 2633 suasore
2469 2545 2943 2634 Athanasio
2997 2546 3382 2634 Alexan.

571 2669 841 2758 drino
891 2669 1285 2763 Praesule
1337 2675 1877 2791 Eutychiano
1934 2730 1965 2776 9
2052 2679 2306 2789 petiit
2380 2700 2625 2761 anno
2690 2678 2906 2787 629.
2974 2701 3025 2760 a
3082 2670 3384 2792 Sergio

577 2800 697 2895 C.
728 2796 826 2886 P.
859 2858 890 2901 ,
947 2802 1337 2915 itemque
1381 2830 1433 2906 a
1478 2801 1722 2915 Cyro
1781 2819 2001 2888 tunc
2062 2796 2438 2886 Phasidis
2504 2803 2601 2883 in
2662 2796 3130 2888 Cholchide
3160 2857 3192 2906 9
3226 2827 3384 2914 po·

579 2941 761 3034 stea
825 2921 1397 3012 Alexandriae
1476 2925 1899 3040 Episcopo
1957 2983 1991 3032 9
2049 2954 2276 3012 num
2340 2930 2437 3009 in
2506 2923 2853 3011 ChrIsto
2899 2953 3081 3010 una
3147 2983 3180 3028 9
3240 2923 3382 3036 vel

578 3046 898 3162 duplex
947 3047 1492 3166 adprobanda
1519 3069 1740 3138 esset
1758 3052 2157 3140 voluntas
2188 3049 2234 3135 ‘3
2271 3051 2649 3135 Unicam
2683 3051 2803 3135 illi
2833 3068 3325 3139 statuerunt
3348 3107 3385 3156 9

561 3173 851 3289 -quam
883 3177 1316 3299 θεάνῶςιριαν
1344 3235 1379 3288 ,
1435 3173 1656 3264 idest
1683 3178 2217 3267 Dei-virilem
2246 3177 2790 3292 appellarunt
2826 3205 2872 3261 ·.
2934 3179 3382 3267 Heraclius

585 3328 800 3391 vero
838 3295 1173 3411 ἰἰὶιθσσιν,
1229 3312 1328 3392 in
1397 3334 1568 3419 qua
1627 3333 1811 3391 una
1849 3322 2200 3390 tantum
2242 3299 2881 3419 praedicabatur
2922 3307 3385 3417 voluntas,

566 3427 1162 3545 promulgavit
1194 3488 1220 3514 .
1279 3431 1541 3516 Hanc
1592 3430 1880 3546 Cyrus
1933 3431 2214 3514 inem
2248 3488 2279 3537 9
2338 3448 2637 3518 coacta
2702 3436 2973 3520 etiam·
3024 3428 3387 3547 Synodo

580 3578 747 3667 pro
837 3549 1235 3671 dogmate
1294 3557 1847 3673 Eutychiano
1910 3615 1941 3663 9
2025 3583 2303 3642 manu
2391 3559 2739 3669 propria
2823 3563 3323 3673 subscripsit
3354 3612 3383 3642 .

583 3678 984 3766 Fuerunt
1037 3683 1604 3770 nihilominus
1639 3738 1672 3789 9
1732 3698 2137 3798 serpente
2197 3681 2374 3791 jam
2436 3682 2977 3799 Eutychiana
3004 3686 3328 3768 haeresi
3352 3734 3390 3791 9

582 3806 684 3889 in
722 3801 940 3892 Sede
970 3803 1559 3895 Alexandrina
1587 3805 2030 3896 orthodoxi
2060 3806 2596 3894 Patriarchae
2624 3810 2958 3897 Paulus
2989 3868 3020 3916 9
3038 3810 3333 3897 Zoilus
3353 3864 3390 3918 9

581 3930 675 4017 S.
710 3930 1243 4045 Apollinaris
1273 3991 1305 4037 9
1363 3931 1452 4021 ἃ
1510 3935 1578 4019 S
1577 3936 2023 4057 ‚Eulogius
2057 3991 2083 4016 .
2147 3931 2350 4016 Post
2402 3933 2642 4020 hunc
2690 3961 2900 4025 vero
2932 3996 2963 4044 9
3024 3932 3384 4051 dempto

585 4053 677 4140 S.
709 4055 1105 4174 Johanne
1162 4061 1809 4145 eleemosinario
1874 4117 1906 4163 9
2002 4056 2091 4146 ἃ
2154 4086 2640 4147 successore
2699 4061 2888 4171 ejus
2948 4060 3318 4180 Georgia
3350 4121 3388 4171 9

585 4180 812 4297 Cyni
868 4182 1368 4270 immediato
1426 4182 2074 4271 praedecessore
2140 4240 2174 4287 9
2268 4182 2912 4304 Monophysitis
2997 4187 3388 4278 adhaese·

585 4324 800 4395 sunt
824 4365 855 4413 9
916 4306 1003 4396 ἃ
1039 4308 1465 4427 Jacobitae
1496 4341 1547 4397 a
1572 4311 1887 4429 Jacobo
1940 4312 2162 4423 Syro
2192 4310 2622 4395 monacho
2670 4309 3058 4423 ejusdem
3110 4332 3395 4402 sectae

577 4430 953 4529 fuerunt
1007 4439 1494 4550 nuncupati
1528 4496 1560 4542 9
1621 4456 1727 4522 ut
1783 4442 1873 4523 in
1919 4436 2068 4519 lib.
2126 4429 2237 4519 de
2298 4436 2648 4522 Haeres.
2720 4441 3014 4553 inquit
3076 4439 3392 4526 Dama-

585 4584 911 4646 scenus
936 4618 962 4644 .
1027 4558 1171 4649 Sic
1231 4559 1747 4649 adulteratus
1794 4562 2334 4650 Christianae
2389 4561 2873 4682 Religionis
2938 4568 3038 4651 in
3100 4565 3393 4683 Aegy·

591 4702 749 4800 pto
812 4704 1075 4773 status
1110 4745 1145 4798 9
1206 4691 1785 4802 subsequente
1848 4688 2475 4774 Saracenorum
2528 4693 2983 4779 invasione
3040 4750 3072 4799 9
3134 4712 3399 4806 atque

594 4806 1054 4898 dominatu
1090 4873 1121 4921 9
1181 4811 1291 4900 ad
1346 4817 1784 4902 saeculum
1844 4840 2120 4927 usque
2173 4812 2613 4901 decimum
2668 4822 3139 4932 septimum
3187 4820 3399 4919 abiit

588 4934 688 5020 in
737 4932 1108 5024 deterius
1134 4997 1158 5023 .
1223 4941 1688 5053 Postquam
1734 4967 1946 5029 vero
1970 4939 2764 5059 Sacro-Liturgicae
2810 4943 3398 5062 Aegyptiacae

589 5064 1146 5179 antiquitates
1167 5122 1204 5178 9
1251 5071 1753 5181 curantibus
1806 5070 2348 5187 potissunum
2418 5066 2798 5159 Summis
2830 5068 3390 5162 Pontificibus

2340 5190 2436 5280 R
3205 5192 3405 5284 Cle·
