4913 6618
1465 586 1518 651 2

1468 682 1959 783 Hebraeum
2039 680 2617 801 suppeditabit
2681 686 3067 772 Xanctes
3147 685 3618 810 Pagninius
3674 687 3783 776 Ο.
3852 689 3955 775 Ρ.
4056 678 4257 807 post

1467 820 1944 904 maximum
2013 815 2660 927 Hieronymum
2725 817 3051 926 primus
3103 871 3131 913 ,
3225 821 3458 899 inter
3510 814 3992 903 Catholicos
4056 877 4086 923 ‚
4149 849 4260 905 ex

1469 944 1876 1025 Hebraeis
1957 936 2477 1050 Graecisque
2543 940 2960 1021 Fontibus
3014 936 3276 1024 Verbi
3328 942 3632 1025 Divini
3691 942 4056 1026 Latinus
4123 949 4258 1031 in-

1467 1084 1796 1175 terpres
1832 1068 2475 1147 emeritissimus
2501 1122 2523 1143 .
2552 1063 2652 1145 In
2691 1062 3022 1147 Graeco
3047 1062 3325 1151 facem
3363 1064 3782 1176 praeferet
3843 1083 3907 1147 H
3965 1079 4258 1155 KAINH

1468 1206 1884 1274 AIAQHKH
1981 1191 2472 1271 Hermanni
2549 1184 3116 1305 Goldhagenii
3187 1188 3285 1272 P.
3363 1190 3445 1270 S.
3526 1192 3584 1270 l.
3679 1190 4260 1304 Moguntinae

1470 1316 1686 1430 Edit.
1747 1344 1892 1397 an.
1945 1346 2048 1427 ¹7
2066 1315 2268 1424 58.;
2306 1312 2665 1424 Coptica
2714 1341 3104 1422 quaeque
3140 1371 3169 1415 9
3204 1343 3306 1398 ex
3361 1317 3983 1426 ωροκατάρκτικοις
4018 1316 4260 1402 Con}

1463 1442 1745 1525 fratris
1785 1439 2245 1555 AugustIni
2278 1437 2655 1520 Antonii
2692 1435 3037 1554 Georgii
3070 1442 3468 1552 operibus
3509 1497 3537 1540 ,
3599 1443 4187 1525 mutuabimur
4221 1502 4246 1527 .

1462 1566 1718 1652 Absit
1775 1569 2107 1648 interea
2174 1622 2205 1664 ‚
2268 1582 2367 1646 ut
2416 1560 2524 1646 de
2581 1585 3215 1675 praeconcepto
3272 1569 3677 1647 immensi
3731 1567 4032 1647 laboris
4080 1624 4110 1670 ‚
4169 1566 4261 1655 δε

1459 1694 1743 1804 operis
1806 1704 2321 1806 argumento
2353 1745 2380 1791 ‚
2445 1715 2603 1798 pro
2636 1685 3202 1799 amplitudine
3249 1748 3277 1791 ,
3339 1694 3855 1799 praestantia
3892 1749 3920 1793 ‚
3983 1687 4261 1809 digni·

1461 1833 1814 1927 tateque
1853 1875 1881 1919 ‚
1945 1810 2294 1920 φυλαυτίῃ
2361 1813 2500 1897 vel
2556 1816 3022 1897 minimum
3060 1812 3643 1899 concedentes
3689 1874 3716 1920 ‚
3781 1813 4257 1929 quidquam

1458 1970 1624 2028 nos
1707 1942 1889 2025 fore
1970 1942 2361 2022 allaturos
2421 1999 2451 2042 ‚
2514 1942 2877 2021 interius
2943 1936 3588 2024 adblandiamur
3642 2001 3663 2022 .
3733 1941 4058 2025 Manus
4139 1944 4258 2027 illi

1458 2087 1795 2153 nostras
1832 2126 1860 2168 ‚
1926 2091 2522 2176 quaecumque
2582 2062 2923 2149 filturae
2982 2070 3162 2149 sint
3197 2124 3226 2167 ‚
3291 2093 3471 2147 non
3546 2092 3726 2149 esse
3783 2065 4256 2154 admoven-

1460 2190 1607 2277 das
1675 2196 2172 2277 censuimus
2209 2250 2237 2293 ‚
2303 2193 2469 2273 nisi
2532 2190 2696 2273 alta
2749 2196 2981 2302 prius
3050 2209 3354 2274 mente
3420 2187 3695 2274 defixo
3754 2248 3782 2291 ‚
3848 2191 4261 2303 cordique

1454 2321 1894 2432 insculpto
1958 2317 2039 2398 S.
2098 2317 2195 2398 Ι).
2259 2315 2733 2430 Augustini
2785 2318 3056 2398 lib.11.
3110 2314 3218 2399 de
3243 2317 3537 2397 Doctr.
3579 2315 3892 2399 Christ.
3949 2336 4250 2402 c.X1..11.

1456 2449 1805 2530 monito
1859 2442 2412 2525 saluberrimo
2449 2499 2478 2542 ,
2543 2439 2778 2551 quod
2835 2447 2956 2524 sic
3023 2468 3113 2524 se
3169 2441 3419 2524 habet
3484 2471 3505 2521 ε
3575 2442 4030 2552 Quantum
4101 2471 4263 2527 au·-

1456 2586 1641 2653 tem
1708 2571 2000 2650 minor
2052 2585 2180 2649 est
2244 2569 2483 2666 auri,
2515 2570 2915 2680 argenti,
2976 2569 3405 2674 vestisque
3462 2568 3703 2673 copia
3742 2624 3772 2667 ‚
3818 2594 4096 2675 quam
4152 2565 4262 2653 de

1457 2694 1868 2809 Aegypto
1928 2718 2215 2776 secum
2289 2691 2426 2772 ille
2497 2692 2860 2802 populus
2925 2690 3267 2773 abstulit
3331 2746 3362 2788 ,
3444 2692 3540 2770 in
3608 2695 4259 2802 comparatione

1456 2818 1949 2906 divitiarum
1990 2878 2018 2921 ,
2084 2845 2291 2927 quas
2339 2834 2632 2928 postea
2666 2816 3195 2900 ierosolimae
3228 2831 3742 2900 consecutus
3808 2833 3938 2898 est
3977 2872 4005 2916 ,
4040 2841 4259 2927 quae

1453 2950 1827 3032 maxime
1883 2948 1975 3026 in
2039 2941 2497 3026 Salomone
2557 2942 2797 3059 Rege
2853 2938 3501 3042 ostenduntur,
3560 2955 3802 3021 tanta
3862 2943 3968 3022 sit
4027 2969 4256 3025 cun-

1452 3090 1593 3156 cta
1660 3074 2021 3155 scientia
2062 3128 2092 3170 ,
2155 3098 2376 3178 quae
2439 3066 2795 3176 quidem
2856 3086 2986 3148 est
3038 3069 3270 3150 utilis
3331 3123 3361 3169 ‚
3445 3065 3800 3149 collecta
3854 3063 3961 3148 de
4026 3066 4261 3153 libris

1452 3200 1851 3312 gentium
1909 3250 1939 3296 ‚
2001 3198 2071 3276 si
2126 3193 2641 3278 Divinarum
2709 3191 3340 3304 Scripturarum
3408 3193 3816 3273 scientiae
3906 3217 4259 3303 compa·

1446 3341 1689 3405 retur
1731 3381 1753 3405 .
1824 3320 2053 3404 Nam
2117 3315 2538 3430 quidquId
2595 3318 2855 3401 homo
2904 3337 3138 3401 extra
3194 3313 3587 3401 didicerit
3646 3373 3675 3417 ,
3764 3320 3834 3397 si
3891 3322 4261 3403 noxium

1453 3466 1584 3532 est
1622 3507 1648 3551 ‚
1714 3449 1832 3530 ibi
1896 3444 2360 3529 damnatur
2406 3502 2436 3548 ‚
2500 3447 2572 3527 si
2622 3445 2835 3526 utile
2901 3447 3028 3528 est
3083 3446 3198 3528 ibi
3266 3445 3720 3528 invenitur
3786 3500 3806 3520 .
3875 3442 3985 3526 Et
4051 3471 4259 3529 cum

1451 3575 1569 3656 ibi
1628 3576 1988 3684 quisque
2054 3572 2503 3657 invenerit
2560 3574 2859 3654 omnia
2896 3627 2923 3670 ,
2990 3594 3207 3679 quae
3271 3567 3601 3650 utiliter
3657 3565 3852 3648 alibi
3911 3565 4258 3675 didicit,

1448 3700 1730 3785 multo
1784 3694 2364 3782 abundantius
2415 3699 2534 3778 ibi
2592 3698 2992 3781 inveniet
3021 3722 3120 3774 ea
3159 3750 3187 3793 ,
3253 3718 3484 3801 quae
3510 3718 3945 3800 nusquam
3977 3698 4261 3777 omni-

1445 3850 1572 3908 no
1637 3826 1896 3924 alibi,
1959 3820 2107 3903 sed
2174 3824 2268 3901 in
2327 3820 2667 3900 illarum
2720 3814 3333 3899 tantummodo
3384 3816 4022 3928 Scripturarum
4078 3823 4258 3904 mi·-

1446 3951 1689 4031 rabili
1740 3943 2194 4030 altitudine
2226 4001 2257 4046 ,
2324 3959 2412 4025 et
2471 3943 2834 4024 mirabili
2882 3942 3248 4024 utilitate
3304 3938 3757 4025 discuntur
3791 3998 3819 4024 .
3883 3943 4068 4028 Hac
4102 3947 4255 4060 igi-

1446 4090 1592 4156 tur
1658 4074 2246 4157 instructione
2301 4064 2789 4179 praeditum
2840 4125 2868 4169 ,
2925 4094 3129 4150 cum
3181 4070 3631 4182 incognita
3692 4069 3931 4182 signa
3997 4070 4259 4155 lecto-

1445 4225 1635 4283 rem
1693 4225 1878 4284 non
1939 4191 2503 4308 impedierint
2538 4253 2567 4298 ‚
2632 4196 2937 4278 mitem
2968 4249 3000 4297 ,
3060 4191 3148 4278 81
3203 4193 3620 4278 humilem
3675 4190 3934 4279 corde
3972 4252 4000 4296 ,
4063 4197 4254 4278 sub·

1444 4315 2211 4441 jugatum‘leniter
2267 4318 2612 4404 Christo
2645 4375 2676 4422 ,
2736 4339 2824 4403 et
2881 4335 3342 4403 oneratum
3401 4324 3735 4404 sarcina
3786 4319 3959 4405 levi
3993 4316 4261 4424 ‚fun-

1438 4449 1742 4535 datum
1777 4509 1807 4554 ,
1871 4467 1960 4533 et
2015 4445 2493 4531 radicatum
2528 4504 2559 4550 ‚
2622 4463 2710 4528 et
2766 4443 3307 4529 aedificatum
3363 4447 3457 4526 in
3517 4447 3928 4547 caritate,
3989 4471 4255 4556 quem

1441 4580 1808 4662 scientia
1862 4569 2174 4657 inflare
2236 4600 2421 4656 non
2486 4575 2751 4685 possit
2786 4583 2822 4675 ‚'
2877 4569 3227 4654 accedat
3274 4568 3380 4653 ad
3431 4573 3826 4687 ambigua
3880 4574 3974 4651 in
4031 4570 4257 4654 Scri.

1440 4706 1716 4815 pturis
1773 4695 2404 4783 consideranda
2465 4756 2493 4800 ,
2553 4698 2640 4784 &
2697 4693 3238 4781 discutienda
3288 4755 3309 4779 .
3383 4753 3440 4800 ‚,
3497 4696 3861 4780 Utinam
3915 4722 3963 4776 a
4017 4714 4256 4783 recta

1438 4828 1700 4913 hacce
1735 4882 1765 4927 ‚
1830 4851 2095 4937 quam
2151 4821 2247 4910 P.
2310 4824 2919 4910 Sanctissimus
2984 4881 3014 4922 ,
3103 4850 3202 4909 ac
3257 4823 3583 4908 Doctor
3638 4841 4258 4934 praet-nonstra-

1439 4955 1568 5041 vit
1605 5010 1634 5055 ‚
1696 4955 2059 5054 semita,
2127 4976 2593 5062 nunquam
2658 4953 3152 5035 elabamur:
3222 4948 3429 5033 inde
3489 4954 3654 5033 erit
3706 5008 3736 5055 ‚
3796 4965 3895 5030 ut
3950 4949 4255 5034 saltem

1438 5104 1545 5165 ex
1594 5078 1759 5166 hoc
1825 5079 2122 5190 capite
2183 5134 2218 5190 9
2281 5074 2516 5191 quod
2576 5078 2719 5166 vel
2779 5078 3151 5164 maxime
3215 5074 3797 5189 exoptandum
3861 5089 3992 5159 est
4049 5131 4085 5178 ,
4111 5071 4255 5220 ‘de

2633 5247 2644 5253 ,
4107 5222 4253 5280 m·
