4913 6618
3280 526 3319 584 1
3342 529 3381 588 1
3399 530 3453 616 9

633 629 1118 731 desinentia
1165 619 1594 720 Thebaica
1648 633 1744 716 in
1798 652 1906 715 ε.
1911 618 2530 719 .Postmodum
2576 619 3083 740 quamplura
3114 622 3454 716 exhibet

632 757 1060 872 ejusmdi
1121 759 1512 872 exempla
1571 784 1622 844 a
1700 759 2203 844 nominibus
2261 750 2907 869 Aegyptiorum
2963 753 3446 852 numinum

632 893 969 1000 petita,
1033 911 1408 998 quorum
1479 883 1762 998 aliqua
1799 938 1831 986 ,
1895 888 2078 990 ait,
2124 882 2354 970 licet.
2383 904 2544 992 per
2593 905 3060 1023 (qoocopern
3089 876 3441 965 nonha-

631 1012 901 1100 beant
956 1012 1670 1100 terminationem
1731 1010 1826 1094 in
1896 1034 1952 1114 ι,
1996 1068 2028 1117 ,
2084 1028 2380 1094 tamen
2449 1030 2553 1090 ea
2600 1003 3105 1092 terminatio
3176 1006 3443 1096 index

613 1138 814 1239 fere
865 1166 1198 1249 semper
1259 1154 1393 1220 est
1457 1134 1811 1220 (tiata-ti
1872 1131 2348 1220 commzmiS
2373 1188 2404 1232 ‚
2456 1151 2725 1242 atque
2754 1128 3388 1241 Memphiticae
3406 1193 3434 1221 .

630 1260 1184 1350 Sententiam
1234 1257 1550 1347 deinde
1591 1260 1874 1346 firmat
1905 1288 2112 1348 cum
2163 1285 2271 1345 ex
2332 1254 2777 1342 Herodoto
2799 1312 2831 1360 ,
2875 1271 3070 1341 tum
3102 1282 3208 1342 ex
3234 1255 3440 1344 Dio-

629 1385 845 1474 doro
901 1389 1256 1499 aliisque
1319 1389 1621 1499 priscis
1685 1386 2235 1496 scriptoribus
2261 1440 2294 1488 ,
2334 1378 2564 1494 apud
2602 1407 2819 1494 quos
2854 1379 3195 1468 nullum
3228 1380 3471 1470 The-·

631 1514 922 1600 haicae
969 1510 1307 1600 dialecti
1370 1514 1718 1600 invenit
1762 1516 2222 1628 vestigium
2252 1569 2282 1614 ,
2349 1505 2561 1593 dum
2616 1506 3282 1622 memphiticam
3335 1515 3433 1599 in

629 1643 1035 1726 universa
1092 1636 1563 1757 Aegypto,
1628 1642 1808 1724 sive
1876 1673 1956 1745 ru
2012 1633 2152 1721 ἄνω
2184 1694 2215 1741 ,
2278 1637 2460 1722 sive
2524 1668 2604 1744 τῃ
2672 1632 2866 1714 κάτω
2944 1630 3433 1747 deprehen-

627 1759 810 1854 dit.
872 1763 1000 1848 Ex.
1048 1765 1250 1848 clar.
1298 1761 1736 1851 Boldettio
1809 1779 2024 1847 tom.
2063 1781 2156 1844 11.
2260 1762 2395 1850 De
2465 1741 2857 1868 Cimiterj
2912 1758 3431 1851 vocabulum

626 1890 1234 2002 memphiticae
1300 1891 1651 2038 ori-‘ginis
1716 1886 2002 1974 laudat
2034 1946 2063 1989 ‚
2131 1890 2557 1982 nimirum
2599 1880 3201 1995 ὟοἾῦεωο,
3264 1916 3435 1975 no-

510 2061 518 2069 ·
625 2042 836 2104 men
906 2018 1207 2131 magni
1265 2015 1440 2098 vici
1497 2018 1594 2102 in
1651 2040 1967 2130 magna
2026 2013 2440 2099 Heraclea
2514 2007 2743 2123 apud
2828 2012 2911 2092 A
3083 2032 3338 2128 ptum
3393 2079 3430 2126 ,

620 2168 1133 2251 nomenque
1213 2137 1445 2224 ismd
1507 2144 2174 2254 memphiticum
2238 2165 2418 2224 esse
2483 2139 2815 2224 evincit
2871 2163 2979 2222 ve
3072 2165 3179 2224 ex
3240 2143 3434 2255 ipso

619 2266 984 2352 articulo
1036 2262 1134 2376 *ζ’
1207 2261 1436 2378 apud
1485 2268 1921 2354 Thebaeus
1987 2269 2396 2349 inusitato
2434 2318 2459 2344 .
2543 2259 2719 2347 Sibi
2781 2263 3144 2350 viriliter
3213 2261 3429 2354 c'on·

618 2410 856 2478 stans
910 2388 1330 2507 Georgius
1382 2394 1746 2505 appellat
1800 2391 1910 2480 ad
1956 2392 2116 2477 alia
2176 2394 2547 2476 nomina
2583 2391 2677 2472 in
2727 2383 3244 2494 Arsiinoensi
3278 2393 3428 2484 Pa.

618 2508 842 2632 pyro
895 2515 1190 2604 Musei
1249 2516 1656 2634 Borgiani
1703 2518 2265 2631 memphitice
2328 2532 2657 2602 exarata
2716 2572 2743 2598 .
2806 2515 3155 2604 Diluere
3219 2535 3426 2606 tan-

617 2639 828 2728 dem
863 2638 1376 2760 ‚aggreditur
1401 2696 1433 2746 ‚
1472 2641 1708 2756 quod
1758 2646 2019 2756 objici
2083 2660 2367 2757 posset
2423 2670 2536 2728 ex
2598 2640 3145 2740 Manethone
3170 2702 3210 2748 ,
3260 2674 3425 2760 pro

614 2769 923 2880 majori
986 2767 1462 2854 Tbebaicae
1514 2768 1855 2857 dialecti
1914 2798 2168 2883 supra
2230 2767 2879 2881 memphiticam
2929 2787 3358 2860 vetustate
3386 2832 3422 2880 ,

615 2891 704 2982 ἃ
763 2921 968 2979 cum
1024 2890 1517 2980 doctissimo
1568 2894 1922 2982 Didimo
1981 2896 2509 2982 Taurinensi
2607 2891 3052 2979 concludit
3117 2893 3419 2982 Mem-

615 3018 1026 3131 phiticam
1096 3011 1562 3104 dialectum
1587 3079 1619 3124 ‚
1674 3040 2045 3108 matrem
2099 3048 2283 3110 esse
2343 3019 2821 3104 Tbebaicae
2852 3074 2884 3121 ‚
2930 3036 3127 3104 tum
3187 3021 3422 3134 quod

613 3144 754 3227 illa
812 3147 924 3228 sit
984 3148 1144 3229 ista
1206 3145 1466 3263 longe
1525 3147 1868 3234 uberior
1901 3204 1931 3251 ‚
1990 3163 2192 3234 tum
2241 3149 2506 3236 etiam
2572 3141 2807 3256 quod
2838 3141 3269 3252 Thebaica
3297 3150 3418 3238 le-

613 3273 850 3355 niter
902 3271 1284 3382 aspiratis
1331 3272 1637 3356 litteris
1691 3269 2115 3391 gaudeat,
2088 3304 2111 3327 ·
2173 3271 2744 3385 Memphitica
2810 3297 3015 3365 vero
3098 3298 3416 3365 eccon-

607 3412 826 3500 tra;
875 3393 1308 3485 indicium
1362 3396 1600 3507 iuxta
1649 3396 2124 3515 Georgium
2199 3427 2388 3487 non
2490 3398 2689 3484 leve
2744 3456 2776 3503 ,
2872 3398 3265 3509 majoris
3312 3406 3411 3491 in

609 3519 1183 3633 Memphitica
1234 3578 1269 3625 ‚
1332 3549 1597 3637 quam
1648 3526 1743 3608 in
1802 3526 2230 3613 Thebaica
2287 3523 2653 3611 dialecto
2712 3582 2741 3628 ,
2825 3532 3028 3611 cum
3118 3527 3417 3645 lingua

607 3644 1068 3730 Pharaonis
1113 3643 1618 3731 affinitatis.
1663 3646 1805 3733 Ad
1863 3651 2124 3735 haec·
2182 3648 2929 3762 sapientissimum
2961 3706 2994 3754 ,
3039 3655 3107 3761 ’53
3134 3646 3413 3755 ἕνα-σβέ-

608 3805 833 3863 ςαιτον
888 3768 1316 3857 Abbatem
1377 3770 2030 3892 Minfflrellinm
2089 3772 2141 3888 (
2191 3802 2459 3887 quem
2519 3778 2782 3859 etiam
2842 3794 3105 3888 atque
3150 3780 3415 3865 etiam

603 3897 887 3981 colere
922 3952 955 4000 ,
1010 3894 1223 3983 dum
1272 3894 1834 3988 Bononiense
1888 3900 2372 4019 Collegium
2427 3926 2915 4019 reget-emus
2943 3962 2973 4009 ,
3016 3930 3221 3991 vere
3241 3904 3411 3990 fuit

602 4027 697 4107 in
765 4018 1091 4108 deliciis
1154 4020 1206 4137 )
1268 4057 1369 4105 u.
1421 4030 1737 4128 opor&
1767 4060 1974 4139 νιμαν
2003 4025 2389 4117 alterutri
2419 4024 2785 4115 dialecto
2817 4045 3344 4121 renuentem
3377 4092 3411 4140 ,

601 4174 709 4232 ex
769 4147 958 4258 ejus
1021 4151 1226 4261 ipsis
1271 4149 1370 4231 in
1436 4149 1845 4238 Naniano
1894 4151 2389 4268 fragmento
2446 4148 3037 4239 eruditissimis
3114 4157 3400 4243 obser-

603 4274 1172 4378 vationibus,
1258 4278 1557 4391 satagit
1607 4274 1719 4362 ad
1781 4279 2220 4392 propriam
2307 4282 2839 4369 sententiam
2902 4276 3321 4371 advocare
3387 4347 3411 4370 .

599 4395 962 4485 Plurimi
1017 4425 1228 4485 sane
1283 4402 1387 4485 in
1435 4402 1700 4488 hacce
1736 4399 2248 4493 stabilienda
2308 4400 2847 4522 Georgianos
2892 4425 3256 4493 conatus
3286 4404 3408 4497 fa·

599 4525 933 4629 cimus,
980 4526 1338 4638 ejusque
1399 4525 1911 4615 eruditionis
1967 4529 2368 4648 pelagum
2414 4532 2557 4621 vel
2604 4535 2975 4621 maxime
3030 4527 3405 4619 admira-

597 4672 857 4732 mur.
915 4650 1292 4737 Scitanti
1349 4680 1628 4761 vero,
1681 4682 1794 4741 an
1865 4656 2517 4770 memphiticam
2592 4651 3059 4745 dialectum
3118 4713 3152 4757 2
3232 4685 3403 4765 ceu

598 4776 1180 4887 antiquiorem
1207 4833 1246 4880 ,
1301 4711 1829 4892 aliarumque
1873 4778 2108 4895 apud
2168 4778 2651 4901 Aegyptios
2702 4802 3074 4873 matrem
3135 4812 3397 4901 agno-

591 4924 933 4985 scamus
963 4958 998 5005 ,
1051 4907 1150 4987 in
1201 4900 1597 4991 confesso
1637 4903 1862 4991 foret
1915 4933 2077 4995 noe
2121 4905 2400 4997 adhuc
2447 4906 2879 5019 judicium
2942 4909 3392 5013 cohibere:

595 5021 810 5110 mod
896 5051 1006 5111 ea
1088 5020 1534 5119 Herodoto
1593 5033 1739 5193 nb‘.
1773 5050 1861 5115 11.
1943 5060 2131 5146 cap.
2185 5061 2391 5150 154
2454 5053 2857 5133 tenemus
2921 5094 2953 5142 ,
3036 5031 3400 5241 Graecas

3220 5176 3394 5245 tte·
