4913 6618
623 629 792 708 'nes
856 570 1438 706 consentiunt
1466 669 1493 696 .
1553 601 1787 696 Nam
1845 600 2174 696 formae
2223 606 2456 720 ipsae
2509 601 2990 697 litterarum
3025 669 3057 718 ‚
3110 516 3436 729 quibu}

625 749 765 831 usi
827 763 1039 830 sunt
1100 744 1309 826 olim
1372 796 1404 843 ,
1493 731 1917 846 hodieque
2002 737 2264 818 etiam
2320 750 2696 817 utuntur
2749 734 3154 852 Coptitae
3186 797 3218 844 ,
3278 735 3422 829 vel

631 897 822 955 non
873 873 992 955 ita
1048 864 1198 950 diu
1257 882 1451 975 post
1510 888 1562 948 e
1613 863 1833 947 vivis
1898 876 2198 973 erepto
2253 855 2786 943 Psamnitico
2819 921 2850 964 ‚
2910 859 3260 952 Graecis
3283 865 3423 982 Jo-

627 997 889 1079 nibus
921 1052 952 1095 ‚
1010 990 1100 1079 &
1155 989 1512 1075 Caribus
1561 981 1962 1070 feruntur
2023 1001 2426 1097 acceptae
2483 1037 2510 1064 .
2574 980 2834 1068 Unde
2909 987 3431 1080 La-Crozius

629 1116 740 1204 ad
790 1114 1313 1232 Sigefridum
1365 1113 1798 1227 Bayerum
1841 1129 2056 1194 tom.
2089 1107 2225 1193 111.
2283 1108 2545 1193 Thes.
2608 1106 2959 1221 Epistol.
3044 1141 3236 1230 pag.
3278 1143 3430 1204 22.

627 1243 1112 1355 Coptorum'
1166 1241 1499 1324 litteras
1563 1265 1811 1320 nemo
1895 1261 2164 1319 sanus
2226 1234 2276 1347 (
2344 1236 2659 1344 priscas
2712 1229 2766 1350 )
2834 1236 3436 1356 Aegyptiacus

630 1395 815 1453 esse
844 1368 1215 1452 censebit
1250 1421 1282 1470 ‚
1312 1392 1498 1447 sero
1526 1417 1557 1463 ‚
1591 1378 1693 1447 ut
1733 1379 1961 1472 puto
2026 1358 2134 1449 δε
2164 1376 2379 1472 post
2407 1356 3048 1448 Psamneticum
3082 1393 3139 1448 α
3167 1365 3437 1456 Grae-

633 1493 757 1578 cis
804 1493 1122 1578 colonis
1178 1507 1577 1602 acceptas
1612 1546 1635 1570 .
1704 1486 1827 1569 Hi
1893 1487 2137 1569 enim
2180 1488 2570 1595 primum
2602 1502 2907 1572 contra
2943 1515 3178 1573 mare
3197 1490 3436 1601 paul-

634 1616 723 1702 lo
774 1645 1032 1729 supra
1090 1615 1504 1701 Bubastin
1568 1607 1677 1698 ad
1725 1613 2047 1695 ostium
2099 1609 2289 1694 Nili
2319 1606 2859 1693 Pelusiacum
2894 1666 2926 1715 ,
2988 1609 3438 1724 domibus,

635 1740 725 1828 ἃ
779 1739 1135 1854 praediis
1198 1770 1248 1824 a
1308 1739 1849 1825 Psamnetico
1912 1740 2141 1820 circa
2200 1752 2660 1843 utramque
2713 1729 3108 1820 fluminis
3155 1740 3437 1851 ripam

635 1861 938 1954 donati
976 1924 1005 1969 ‚
1064 1868 1223 1950 sibi
1283 1868 1671 1951 invicem
1737 1888 1789 1946 e
1848 1863 2199 1977 regione
2231 1914 2266 1963 ‚
2322 1851 2594 1943 fluvio
2634 1862 2839 1973 ‘ipso
2874 1859 3215 1966 medio,
3248 1892 3443 1977 spe.

634 2009 975 2077 orantes
1023 1993 1572 2078 habitarunt:
1641 1991 1914 2099 iisque
1975 1986 2169 2070 Rex
2225 1989 2705 2097 Aegyptios
2763 2015 3078 2098 pueros
3113 1986 3440 2094 Graeca

634 2115 931 2232 lingua
994 2113 1509 2202 imbuendos
1576 2113 2007 2198 commisit
2071 2166 2098 2193 .
2188 2107 2402 2191 Inde
2468 2113 2754 2219 coepit
2811 2120 3437 2204 commercium

635 2237 1273 2357 Aegyptiorum
1331 2268 1539 2326 cum
1603 2227 2014 2336 Graecis;
2080 2231 2315 2346 quod
2347 2240 2613 2348 magis
2668 2238 3126 2322 invaluisse
3182 2264 3435 2357 opor-

636 2369 809 2456 tuit
869 2369 1027 2451 sub
1087 2366 1397 2449 Amasi
1436 2423 1467 2467 ‚
1528 2390 1706 2475 quo
1763 2376 2159 2470 tempore
2246 2388 2296 2443 a
2393 2361 2814 2471 prioribus
2916 2359 3255 2451 sedibus
3329 2365 3439 2476 ad

638 2497 945 2580 urbem
1001 2490 1494 2602 Memphim
1551 2485 1789 2598 Graii
1847 2483 2162 2570 Coloni
2225 2486 2614 2571 translati
2676 2506 2886 2574 sunt
2916 2546 2948 2594 ,
3007 2507 3227 2576 teste
3260 2493 3439 2582 He-

638 2616 943 2704 rodoto
996 2615 1141 2716 lib.
1184 2634 1276 2698 11.
1347 2642 1533 2726 cap.
1586 2641 1790 2726 154.
1853 2607 2020 2693 Sed
2082 2615 2500 2721 quoniam
2577 2618 2904 2726 priscae
2964 2613 3444 2735 Aegyptio·

636 2772 838 2829 rum
900 2744 1230 2826 litterae
1302 2740 1583 2823 multo
1634 2737 1941 2845 majori
1975 2762 2347 2820 numero
2376 2736 2634 2825 fuisse
2664 2758 3085 2851 putantur
3111 2799 3142 2846 ‚
3177 2767 3441 2855 quam

638 2868 1017 2957 Graecae
1043 2928 1074 2971 ‚
1135 2868 1266 2949 uti
1325 2866 1701 2949 Thomas
1754 2857 2246 2949 Edvvardus
2308 2858 2416 2945 ad
2470 2863 3015 2977 Picquesium
3053 2873 3446 2979 scripsit,

639 2991 1109 3082 admodum
1195 2987 1598 3092 credibile
1663 2986 1762 3070 fit
1818 3044 1849 3091 ,
1931 2979 2064 3069 uti
2146 2981 2700 3074 suadentibus
2781 2979 3371 3078 hermeneutis
3410 3048 3489 3098 ,‚

639 3117 1244 3230 interpretibus
1303 3138 1628 3225 nempe
1694 3110 2311 3196 contribulibus
2361 3168 2392 3215 ‚
2458 3129 2715 3225 atque
2776 3121 3163 3233 cognatis
3199 3176 3230 3222 ‚
3288 3114 3444 3214 du.

639 3247 939 3356 ctique
991 3248 1494 3358 praesertim
1520 3236 1919 3322 facilioris
1951 3239 2418 3350 scripturae
2452 3292 2513 3342 ,,
2543 3233 2632 3327 8(
2663 3246 3163 3328 commercii
3196 3269 3446 3333 com..

644 3368 908 3458 modo
941 3427 972 3474 ‚
1037 3366 1565 3452 Graecorum
1618 3364 1939 3449 litteras
2004 3419 2036 3467 ,
2097 3388 2575 3477 eorumque
2636 3368 3184 3480 alphabetum
3252 3398 3446 3483 pro-

644 3523 934 3614 gressu
992 3495 1410 3602 temporis
1461 3486 1948 3600 adoptarint
1983 3546 2047 3592 ‚‚
2108 3544 2131 3569 .
2187 3486 2553 3601 Triplici
2613 3549 2644 3595 ,
2709 3510 2809 3578 ut
2884 3494 3443 3606 postmodum

642 3620 1213 3709 conficiemus
1245 3675 1276 3721 ‚
1337 3614 1813 3735 Aegyptios
1870 3610 2230 3698 dialecto
2261 3639 2456 3697 usos
2478 3613 2740 3700 fuisse
2772 3675 2803 3721 ‚
2864 3614 3216 3704 Arabici
3248 3625 3445 3706 scri·-

640 3765 932 3861 ptores
962 3805 991 3848 ‚
1050 3748 1326 3829 immo
1383 3741 1473 3829 81
1534 3739 1947 3827 nonnulli
2002 3736 2567 3835 Grammatici
2599 3740 3244 3854 Copto-Arabes
3275 3764 3443 3835 tra-

642 3867 1058 3959 diderunt
1083 3926 1106 3950 .
1171 3868 1467 3953 Unam
1498 3924 1531 3973 ‚
1586 3866 1677 3956 &
1709 3865 2059 3952 alteram
2102 3868 2598 3951 novissimis
2644 3866 2873 3954 hisce
2918 3871 3449 3983 temporibus

644 3993 982 4116 Angli,
1044 3989 1263 4078 Galli
1290 4048 1322 4096 ,
1380 3987 1862 4097 Germani,
1921 3989 2108 4075 Itali
2163 3987 2476 4075 eruditi
2524 3991 3005 4081 calluerunt
3031 4052 3055 4077 .
3120 3994 3255 4080 De
3277 4012 3450 4083 ter-

591 4148 598 4155 ·
644 4124 768 4218 tia
825 4114 1354 4231 assequenda
1404 4142 1711 4203 omnes
1763 4112 1805 4228 [
1863 4112 2333 4231 Georgium
2366 4118 2667 4228 excipe
2712 4115 2758 4229 ]
2826 4117 3443 4233 desperarunt=

650 4245 785 4335 En
855 4238 1292 4358 quomodo
1334 4237 1826 4328 Ludovicus
1889 4238 2385 4351 Picquesius
2431 4239 2694 4327 hacce
2750 4239 2860 4325 de
2933 4269 3040 4351 re·
3091 4248 3446 4358 scripse-

657 4376 772 4456 rit
825 4368 936 4456 ad
989 4369 1481 4453 Mailletum
1587 4364 2063 4453 Consulem
2144 4365 2670 4451 Francicum
2735 4366 2972 4453 Cairi
3033 4397 3058 4452 z
3115 4369 3236 4453 IIs
3293 4385 3454 4467 ont

658 4493 704 4611 [
768 4494 1184 4613 Aegyptii
1241 4488 1568 4605 J-trois
1632 4489 2034 4576 dialectes
2091 4543 2126 4592 ‚
2176 4490 2258 4573 Ie
2324 4487 2626 4575 Rabiri
2683 4548 2715 4597 ,
2775 4494 2936 4605 qui
2988 4509 3123 4577 est
3184 4493 3388 4577 ceIIe
3417 4546 3453 4599 ,

655 4628 808 4735 qu'
833 4651 947 4707 on
1014 4621 1148 4705 dit
1197 4617 1861 4702 ordinairement
1898 4646 1924 4701 ε
1955 4615 2034 4698 Ie
2063 4609 2324 4728 Saydi
2356 4672 2385 4717 ‚
2415 4617 2573 4729 qm·
2612 4634 2745 4701 est
2792 4618 2872 4700 le
2898 4614 3399 4730 Thebaique
3417 4673 3452 4724 ‚
3574 4641 3579 4645 ’

654 4763 748 4831 et
807 4747 1021 4830 dont
1076 4774 1194 4830 on
1249 4742 1434 4826 voit
1492 4742 1861 4854 quelque
1891 4768 2076 4854 peu
2131 4742 2281 4825 des
2318 4740 2827 4862 fragments
2860 4799 2886 4826 .
2951 4743 3203 4830 Mais
3216 4766 3455 4859 pour

585 4962 594 4968 ,
660 4868 752 4954 la
805 4871 1146 4954 dernier
1178 4927 1211 4976 ‚
1242 4868 1398 4980 qui
1450 4886 1585 4951 est
1637 4864 2085 4950 Bashmuri
2119 4921 2151 4970 ‚
2190 4866 2288 4977 je
2346 4893 2566 4953 vous
2620 4893 2901 4967 avone
2931 4924 2963 4971 ‚
2993 4893 3162 4980 que
3196 4870 3294 4980 je
3314 4894 3455 4967 mne

655 4993 739 5080 Ie
791 4996 1179 5112 sfaurois
1242 4991 1595 5080 deviner
1625 5048 1650 5076 .
1712 4991 2043 5078 Rursus
2105 4987 2608 5100 Picquesius
2685 5018 2895 5084 cum
2970 4995 3451 5091 amicorum

1631 5132 1642 5143 ·
2310 5111 2385 5202 Ρ
3251 5141 3455 5202 usus
