4913 6618
1519 564 1640 649 40

1515 669 1639 748 eis
1696 662 1950 749 libros
2018 662 2319 778 Moysi
2385 662 2841 750 translatos
2921 658 3185 748 refert
3242 715 3273 767 ,
3335 687 3550 774 quos
3599 715 3651 765 r,
3734 685 3898 748 nos
3981 686 4330 779 quoque

1516 789 2042 876 confitemur
2078 849 2108 895 ‚
2175 793 2636 905 plusquam
2693 805 3072 876 caeteros
3128 814 3335 875 cum
3387 788 3831 871 Hebraicis
3893 816 4331 875 consona-

1518 941 1615 997 re
1652 973 1716 1018 9,
1787 977 1809 998 .
1877 918 2196 1005 Parum
2260 916 2365 1000 ab
2412 917 2643 1001 hisce
2698 915 3150 1001 dissonant
3183 973 3212 1016 ,
3276 940 3496 1023 quae
3564 910 3865 998 eadem
3920 942 4176 1027 super
4236 941 4334 1000 re

1512 1037 1771 1126 habet
1827 1066 2017 1154 cap.
2059 1067 2153 1135 v.
2217 1048 2316 1127 in
2386 1040 2921 1129 Ezechielem
2957 1100 2985 1144 ‚
3050 1040 3136 1128 <31
3189 1043 3284 1123 in
3347 1042 3630 1152 capite
3694 1039 4083 1126 secundo
4141 1041 4326 1127 Mi-

1519 1165 1883 1252 chaeae.
1944 1169 2182 1257 Cum
2225 1186 2524 1252 tamen
2585 1175 2679 1251 in
2747 1168 3127 1279 pluribus
3185 1166 3701 1277 anteloquiis
3737 1226 3766 1271 ,
3826 1165 3912 1252 81
3947 1170 4038 1250 in
4078 1166 4323 1250 libat.

1517 1288 1923 1379 adversus
1988 1295 2425 1381 Rufinum
2492 1293 3054 1409 Septuaginta
3107 1291 3464 1378 viralem
3501 1289 3607 1375 ad
3641 1296 4031 1402 quinque
4064 1290 4329 1407 Moy·

1515 1418 1628 1500 sis
1685 1420 1942 1504 libros
2012 1423 2383 1506 minime
2438 1435 2960 1504 coarctatam
3027 1474 3058 1519 ‚
3154 1443 3246 1499 se
3339 1445 3802 1534 agnoscere
3864 1416 4231 1501 fateatur
4290 1446 4322 1520 ς

1516 1541 1764 1628 illum
1829 1548 1951 1631 sic
2020 1547 2549 1660 explicamus
2613 1603 2641 1647 ‚
2738 1562 2840 1628 ut
2906 1545 3437 1654 ubicumque
3507 1562 3827 1627 nutans
3891 1541 4231 1628 videtur
4290 1598 4325 1646 ,

1515 1687 1668 1751 aut
1721 1673 1945 1758 male
2009 1672 2401 1757 feriatam
2450 1666 2970 1787 Judaeorum
3025 1674 3540 1782 opinionem
3576 1667 3684 1751 de
3718 1672 4108 1779 quinque
4139 1688 4328 1753 tan·

1511 1811 1716 1877 tum
1734 1800 2346 1882 *translatione
2408 1797 2826 1883 librorum
2881 1800 3188 1880 recitet
3221 1854 3249 1898 ‚
3314 1798 3450 1881 vel
3486 1793 3592 1878 de
3619 1794 4036 1902 ejusmodi
4072 1820 4327 1910 quae-

1519 1921 1805 2003 stione
1859 1952 1967 2007 ex
2032 1924 2415 2037 professo
2484 1949 2670 2005 non
2740 1941 2929 2039 agat
2968 1981 2988 2003 .
3056 1923 3525 2007 Caeterum
3583 1950 3631 2002 a
3682 1921 4175 2005 Senioribus
4231 1921 4324 2003 li·

1511 2045 1714 2128 bros
1772 2072 2081 2133 omnes
2145 2053 2239 2132 in
2309 2046 2679 2131 Esdrino
2733 2048 3102 2133 Canone
3162 2066 3380 2132 tunc
3447 2046 3898 2130 conclusos
3964 2105 3994 2149 ‚
4056 2046 4324 2153 fuisse

1517 2174 2128 2282 interpretatos
2168 2233 2199 2278 ‚
2259 2172 2635 2277 Graeci,
2696 2176 3166 2284 Latinique
3228 2174 3520 2257 Patres
3570 2177 4179 2280 conveniunt,
4211 2168 4326 2256 ·&

1508 2292 2030 2409 Judaeorum
2093 2303 2324 2387 bene
2391 2303 2647 2393 multi
2711 2329 2898 2388 non
2969 2298 3296 2387 audent
3361 2299 3760 2415 refragari
3793 2355 3816 2378 .

2680 2558 2763 2663 ς.
2889 2553 3166 2640 v111.

2294 2806 2431 2889 De
2488 2805 2788 2888 eadem
2866 2806 2955 2890 V
2944 2805 3277 2889 ersione
3340 2818 3544 2888 LXX.

1518 2933 1760 3136 Ex
1815 3048 2289 3140 admirabili
2341 3051 2696 3141 divinae
2748 3052 3416 3169 dispensationis
3445 3045 3958 3144 oeconomia
3989 3049 4321 3138 factum

1519 3175 1952 3262 credimus
2020 3240 2052 3284 ,
2114 3200 2214 3264 ut
2272 3183 2535 3297 longe
2596 3198 2803 3264 ante
2871 3181 3315 3266 Christum
3393 3183 3883 3268 Dominum
3941 3199 4247 3263 natum
4288 3188 4338 3282 ,’

1523 3328 1628 3383 ex
1685 3305 2083 3391 Hebraeo
2130 3304 2460 3393 Codice
2517 3303 2845 3395 Graeca
2902 3305 3462 3426 Septuaginta
3517 3308 3800 3398 viralis
3829 3308 4262 3393 obtineret
4294 3363 4319 3387 .

1513 3423 1765 3512 Passa
1818 3431 1997 3540 jam
2045 3432 2326 3519 fuerat
2385 3434 2964 3519 humanarum
3033 3437 3624 3522 inconstantia
3675 3462 3967 3520 rerum
3999 3491 4028 3537 ‚
4060 3451 4319 3543 atque

1514 3555 2019 3640 vicissitudo
2052 3618 2082 3664 ,
2145 3579 2245 3644 ut
2300 3577 2640 3672 arrepto
2674 3622 2698 3657 ‚
2762 3562 2865 3644 ab
2923 3558 3426 3648 Alexandro
3470 3562 3806 3680 Magno
3850 3558 4096 3675 Rege
4127 3557 4319 3640 Ma·
4363 3547 4378 3560 ”

1512 3679 1952 3768 cedonum
1986 3740 2017 3788 ,
2080 3685 2470 3770 Orientis
2527 3685 2898 3800 Imperio
2968 3746 2999 3793 ,
3059 3715 3159 3772 ac
3233 3692 3468 3773 inter
3545 3692 4047 3802 praecipuos
4133 3683 4317 3793 ejus

1513 3811 2154 3895 commilitones
2188 3871 2218 3915 ‚
2279 3829 2738 3923 postquam
2806 3828 3294 3898 extremum
3360 3811 3593 3898 diem
3641 3816 4052 3900 clauserat
4087 3861 4120 3912 9
4180 3807 4315 3894 di·-

1513 3934 1884 4017 stributo
1914 3991 1945 4038 ,
2010 3931 2321 4020 Graeci
2402 3934 2948 4021 consuetudo
3011 3944 3431 4024 sermonis
3489 3943 3586 4025 in
3641 3958 3829 4030 toto
3885 3938 4251 4022 Oriente
4282 3992 4317 4040 ,

1510 4053 1925 4172 Aegypto
1990 4115 2021 4163 ,
2117 4061 2472 4173 aliisque
2535 4064 3028 4179 regionibus
3091 4067 3654 4153 invalesceret
3713 4126 3734 4150 .
3825 4052 4318 4149 Mittendus

1512 4210 1564 4266 a
1625 4181 1877 4269 Patre
1931 4203 2135 4269 erat>
2178 4189 2442 4271 Filius
2477 4244 2508 4292 ,
2572 4188 3192 4302 Prophetarum
3244 4219 3394 4278 ore
3462 4196 3927 4303 promissus
3986 4249 4019 4295 ‚
4077 4184 4163 4269 T
4160 4188 4318 4301 ypi

1514 4314 1835 4395 veteris
1929 4309 2186 4430 Legis
2284 4312 2818 4427 adimplendi
2883 4376 2916 4422 ‚
2999 4317 3421 4433 Mysteria
3503 4315 3961 4405 revelanda
4016 4374 4039 4397 .
4142 4317 4316 4397 Fac

1512 4434 1846 4520 nullam
1879 4492 1910 4540 ,
1978 4464 2084 4520 ex
2135 4440 2645 4556 hypothesi,
2691 4460 2900 4527 ante
2958 4443 3277 4528 Christi
3349 4440 3833 4530 adventum
3887 4437 4146 4527 fuisse
4183 4436 4318 4521 di·

1509 4564 1928 4647 vinorum
1983 4563 2449 4650 Librorum
2505 4572 3103 4683 graecanicam
3164 4569 3821 4654 translationem
3891 4602 3914 4652 z
3996 4589 4313 4651 nonne

1510 4683 1978 4797 Apostoli,
2043 4687 2257 4776 dum
2294 4692 2656 4806 populos
2722 4691 3190 4779 edocerent
3256 4752 3286 4798 ,
3342 4694 3429 4781 81
3485 4698 3580 4780 in
3645 4694 3987 4779 Christo
4051 4688 4317 4776 adim·

1509 4810 1743 4922 pleta
1795 4817 2213 4901 vaticinia*
2258 4817 2855 4931 praedicarent
2892 4876 2922 4922 ,
2968 4824 3064 4903 in
3144 4825 3729 4933 suspicionem
3785 4819 3893 4905 de
3948 4822 4314 4930 scriptu-

1509 4962 1802 5020 rarum
1861 4946 2347 5058 corruptela
2408 4944 2657 5030 facile
2718 4943 3030 5030 adduci
3088 4952 3572 5059 potuissent
3600 4943 3645 5029 ’ἓ
3694 4945 3998 5032 Versio
4053 4931 4316 5061 igitur

1506 5059 1975 5154 Seniorum
2034 5067 2580 5185 Apostolicae
2636 5072 3237 5191 propagandae
3284 5069 3731 5162 doctrinae
3813 5076 4050 5162 viam
4104 5090 4318 5154 stra-

1584 5227 1593 5234 ·
4069 5223 4072 5228 ·
4123 5196 4312 5303 vit,
