4913 6618
1482 539 1608 624 26

1488 663 1802 744 librum
1861 656 2045 768 ejus
2105 651 2474 737 nomine
2521 654 3098 765 inscriptum,
3136 655 3461 768 quique
3514 644 3945 739 secundus
3974 646 4288 738 Esdrae

1489 785 1807 872 dicitur
1844 844 1871 885 ‚
1906 782 2256 868 Canoni
2317 778 2425 863 de
2473 806 2709 866 novo
2770 777 3258 892 adjunxisse
3295 839 3323 882 ,
3388 799 3645 892 atque
3703 776 4011 893 Judam
4076 776 4284 880 Ma-

1485 914 1957 997 chabaeum
1986 967 2015 1012 ,
2039 923 2230 1020 post
2291 908 3002 993 immanissimam
3048 907 3465 993 Antiochi
3498 909 3941 992 saevitiem
3979 961 4007 1004 ,
4041 929 4284 988 novo

1487 1063 1841 1150 quoque
1888 1035 2235 1119 Canoni
2290 1028 2820 1146 perficiendo
2870 1060 3220 1146 operam
3279 1060 3632 1120 navasse
3701 1089 3723 1111 .
3825 1027 4284 1112 Nehemias

1488 1161 1916 1274 siquidem
1954 1219 1984 1264 ‚
2020 1154 2279 1241 Esdra
2344 1156 2757 1242 suadente
2793 1215 2822 1262 ‚
2855 1155 3308 1244 scribendo
3360 1162 3756 1243 animum
3807 1153 4221 1268 applicuit
4245 1211 4278 1259 ,

1486 1288 1757 1375 &hic
1824 1286 2292 1369 Nehemiae
2340 1286 2656 1367 librum
2724 1287 2992 1368 veluti
3059 1312 3312 1368 suum
3368 1290 3463 1368 in
3534 1283 3908 1368 Canone
3961 1306 4276 1363 recen-

1485 1419 1714 1499 suit:
1776 1409 2032 1527 Judas
2090 1436 2298 1493 vero
2355 1409 2918 1494 Machabaeus
2974 1438 3249 1495 sacros
3307 1410 3563 1493 libros
3596 1467 3626 1512 ,
3691 1434 3906 1518 quos
3966 1431 4279 1489 omnes

1481 1536 1834 1624 flamma
1897 1553 2273 1623 vorasset
2307 1595 2335 1638 ‚
2369 1541 2437 1619 si
2491 1537 2837 1650 pessimi
2903 1532 3319 1620 Antiochi
3352 1540 3572 1623 votis
3617 1532 3943 1617 factum
3980 1529 4282 1616 fuisset

1482 1668 1681 1748 satIs
1711 1723 1741 1767 ‚
1772 1662 2205 1776 recollegit
2231 1720 2258 1764 ‚
2293 1687 2672 1773 cumque
2738 1661 3110 1769 probatis
3162 1661 3776 1774 exemplaribus
3834 1656 4208 1744 contulit
4243 1715 4275 1762 ,

1481 1791 2143 1905 repurgavitque
2177 1842 2209 1889 ,
2272 1812 2371 1871 ac
2440 1807 2822 1878 veterem
2878 1784 3442 1870 emendatum
3507 1844 3539 1889 ,
3606 1812 3788 1868 non
3862 1781 3972 1867 de
4039 1807 4277 1869 novo

1480 1916 1987 2002 confectum
2049 1913 2511 1998 Canonem
2579 1909 2963 2024 vulgavit
3024 1968 3046 1991 .
3116 1910 3581 1995 Caeterum
3680 1911 3943 2025 longe
4030 1909 4277 1992 aliter

1478 2037 1708 2153 apud
1774 2067 1933 2122 nos
1992 2066 2081 2121 se
2147 2065 2279 2120 res
2332 2039 2586 2122 habet
2621 2093 2650 2140 ,
2682 2038 2753 2115 si
2788 2031 2895 2117 de
2928 2033 3559 2146 Scripturarum
3595 2033 3966 2119 Canone
3992 2090 4022 2135 ‚
4056 2060 4273 2141 qua-

1476 2186 1735 2251 tenus
1801 2192 1847 2246 a
1915 2163 2374 2247 Catholicis
2442 2182 2571 2248 est
2640 2157 3238 2273 agnoscendus
3304 2219 3332 2264 ,
3398 2187 3680 2243 sermo
3763 2158 3906 2240 fiat
3968 2214 3989 2238 .
4060 2154 4271 2241 Illud

1473 2296 1572 2375 in
1640 2284 1940 2403 pr'imis
1998 2314 2203 2373 cum
2271 2290 2880 2399 expolitissimo
2913 2342 2943 2388 ,
3000 2310 3100 2370 ac
3165 2284 3736 2370 eruditissimo
3801 2282 4276 2366 Melchiore

1473 2417 1728 2501 Cano
1788 2414 1929 2495 lib.
1972 2432 2063 2491 11.
2130 2410 2239 2494 de
2292 2413 2506 2496 Loc.
2571 2410 2976 2526 Theolog.
3070 2437 3253 2524 cap.
3291 2443 3373 2524 7.
3476 2410 3962 2494 firmissime
4021 2426 4274 2492 tene-

1473 2570 1669 2626 mus
1706 2600 1734 2646 ,
1791 2534 2213 2648 judicium
2272 2535 2378 2620 de
2440 2537 2916 2622 Canonicis
3013 2532 3473 2648 Scripturis
3550 2561 3706 2645 per
3790 2533 4273 2643 Scripturas

1470 2670 1692 2779 ipsas
1764 2668 1960 2747 satis
2022 2660 2439 2745 idoneum
2507 2691 2687 2745 esse
2749 2689 2938 2745 non
3000 2686 3244 2768 posse
3279 2719 3309 2763 ‚
3377 2656 3694 2745 deinde
3768 2684 4065 2741 earum
4129 2685 4273 2744 ca·-

1467 2793 1972 2878 nonicitatis
2037 2784 2456 2898 judicium
2516 2786 2623 2871 ad
2670 2790 3044 2900 privatos
3130 2787 3639 2871 christianae
3700 2781 4270 2894 Reipublicae

1464 2923 1700 3004 cives
1756 2944 1939 2999 non
2003 2917 2442 3028 pertinere
2478 2971 2507 3016 ,
2540 2917 2975 3000 benevero
3005 2911 3432 2996 Ecclesiae
3465 2968 3495 3013 ,
3522 2910 3888 3021 ejusque
3915 2909 4265 2996 visibilis

1464 3044 1793 3154 Capitis
1852 3068 2031 3125 esse
2067 3042 2487 3152 ‚quinam
2534 3040 2748 3121 liber
2814 3042 2926 3122 sit
2984 3035 3544 3142 Canonicus,
3607 3033 4258 3142 determinare,

1462 3189 1726 3281 atque
1788 3168 1999 3250 hinc
2056 3183 2378 3249 certam
2444 3190 2626 3246 esse
2685 3162 3065 3279 regulam
3097 3160 3203 3245 ad
3233 3163 3487 3247 libros
3523 3221 3554 3266 ‚
3612 3161 3748 3250 vel
3806 3164 3900 3244 in
3967 3160 4265 3246 Sacro-

1462 3325 1662 3380 rum
1723 3320 2091 3409 numero
2152 3285 2694 3402 recipiendos
2729 3349 2759 3395 ,
2792 3289 2925 3377 vel
2986 3292 3247 3376 etiam
3311 3318 3414 3374 ex
3471 3314 3841 3373 numero
3871 3285 4266 3396 rejicien-

1460 3420 1615 3505 dos
1653 3480 1675 3503 .
1741 3423 1998 3504 Hanc
2054 3421 2345 3523 tepuit
2406 3415 2812 3499 Irenaeus
2848 3474 2878 3519 ,
2909 3416 3132 3522 hanc
3186 3415 3268 3498 S.
3304 3417 3402 3499 P.
3436 3413 3980 3530 Augustinus
4014 3430 4260 3515 ‚tum

1459 3550 1556 3630 in
1616 3547 1757 3630 lib.
1847 3560 2087 3630 cont.
2156 3545 2568 3625 Faustum
2628 3602 2657 3645 ‚
2710 3561 2904 3627 tum
3001 3538 3388 3624 secundo
3467 3541 3684 3624 libro
3773 3536 3882 3624 de
3952 3538 4256 3624 Doctr.

1456 3672 1772 3756 Christ.
1828 3688 2231 3783 cap.V111.
2304 3666 2510 3752 Non
2573 3665 2858 3751 taedet
2924 3665 3109 3774 ejus
3175 3685 3573 3749 mentem
3607 3726 3636 3768 ‚
3673 3692 3773 3749 ex
3809 3664 3997 3749 loco
4047 3690 4256 3748 mox

1454 3797 1846 3900 laudato,
1877 3798 2146 3880 oculis
2194 3794 2613 3902 subjicere
2650 3849 2675 3871 .
2739 3794 2839 3874 In
2902 3790 3375 3876 Canonicis
3439 3791 3897 3905 Scripturis
3962 3787 4276 3874 Eccle--

1452 3929 1774 4006 siarum
1824 3920 2433 4006 catholicarum
2487 3975 2517 4020 ‚
2568 3916 3212 4028 quamplurium
3274 3920 3873 4001 auctoritatem
3958 3940 4252 4027 sequa·

1452 4068 1598 4130 tur
1635 4106 1665 4151 ‚
1698 4051 1933 4129 inter
1995 4071 2203 4155 quas
2257 4069 2467 4125 sane
2523 4042 2710 4124 illae
2763 4059 2977 4124 sunt
3030 4098 3063 4145 ‚
3131 4071 3352 4153 quae
3400 4042 3930 4156 Apostolicas
3990 4038 4250 4125 Sedes

1452 4173 1816 4276 habere,
1844 4168 1932 4256 &
1987 4169 2399 4282 Epistolas
2455 4170 2848 4281 accipere
2909 4188 3424 4253 meruerunt
3461 4229 3485 4251 .
3550 4168 3933 4253 Tenebit
3985 4170 4251 4284 igitur

1451 4299 1688 4384 hunc
1751 4293 2110 4381 modum
2173 4298 2268 4377 in
2326 4295 2783 4406 Scripturis
2849 4297 3296 4378 canonicis
3335 4351 3366 4398 ,
3428 4311 3529 4377 ut
3578 4320 3714 4377 eas
3774 4353 3803 4398 ,
3860 4322 4080 4406 quae
4144 4295 4252 4378 ab

1449 4427 1851 4509 omnibus
1907 4424 2455 4533 accipiuntur
2517 4421 2912 4504 Ecclesiis
2965 4421 3397 4507 catholicis
3431 4478 3464 4524 ,
3518 4439 3994 4534 praeponat
4059 4421 4182 4503 eis
4213 4477 4252 4524 ‚

1444 4581 1655 4662 quas
1700 4546 2119 4663 quaedam
2170 4575 2356 4631 non
2427 4549 2874 4659 accipiunt
2913 4578 2934 4628 ε
2969 4547 3061 4628 in
3122 4548 3242 4630 eis
3296 4573 3503 4633 vero
3540 4605 3570 4653 ‚
3620 4573 3837 4659 quae
3873 4571 4052 4628 non
4093 4541 4242 4625 ac-

1443 4681 1894 4790 cipiuntur
1952 4677 2060 4757 ab
2121 4671 2581 4776 omnibus,
2616 4687 3090 4784 praeponat
3152 4699 3289 4756 eas
3326 4731 3357 4777 ,
3417 4698 3643 4784 quae
3704 4672 3989 4783 plures
4046 4696 4237 4784 gra-

1445 4807 1899 4912 vioresque
1952 4802 2597 4910 accipiunt‚eis
2646 4826 2853 4910 quas
2935 4804 3373 4910 pauciores
3432 4856 3462 4901 ,
3518 4800 4048 4908 minorisque
4100 4822 4250 4878 au-

1442 4932 1858 5014 ctoritatis
1922 4926 2342 5010 Ecclesiae
2384 4941 2771 5029 „tenente
2812 4927 2883 5007 si
2929 4944 3220 5011 autem
3269 4926 3464 5007 alias
3496 4926 3933 5009 invenerit
3966 4954 4015 5007 a
4047 4922 4242 5032 plu-

1442 5057 1674 5140 ribus
1706 5113 1737 5164 ,
1770 5055 1965 5139 alias
2012 5082 2062 5138 a
2117 5054 2644 5171 gravioribus
2696 5052 2989 5139 haberi
3020 5110 3054 5161 ,
3086 5073 3589 5166 quanquam
3627 5048 3788 5136 hoc
3829 5049 4241 5137 invenire
4311 5073 4337 5138 f

4042 5196 4228 5258 ΠΟΠ
