4913 6618
648 634 1029 725 instituti
1086 631 1363 721 nostri
1406 627 1769 721 consilio
1824 684 1859 740 ,
1921 619 2445 750 agendique
2469 630 2806 721 ratione
2859 624 3058 723 ἐκτὸς
3137 627 3455 742 ἐπαξίως

644 760 814 851 Μὶν
876 786 1323 854 vereamur
1357 816 1383 844 .
1864 883 1950 994 §⁰
2076 882 2116 965 I
2157 878 2222 965 L

1298 1132 1435 1218 De
1488 1131 2093 1220 vetustissimis
2143 1130 2746 1254 AgioyraphIS
2774 1191 2797 1216 .

514 1367 521 1377 ³
647 1274 1028 1478 Vetus
1091 1380 1762 1469 Testamentum
1813 1385 1981 1470 lata
2047 1378 2418 1497 quadam
2507 1378 3139 1501 significatione
3207 1405 3458 1469 acce-

649 1528 904 1628 ptum
958 1565 993 1616 ,
1052 1507 1387 1621 Moysis
1440 1526 1831 1624 tempora
1895 1511 2153 1626 longe
2213 1510 2671 1623 praeivisse
2731 1564 2762 1611 ,
2819 1524 3001 1592 tam
3064 1508 3452 1618 explora-

648 1656 847 1725 tum
909 1634 1160 1721 nobis
1211 1632 1555 1721 videtur
1586 1691 1618 1739 ,
1681 1662 1947 1748 quam
2009 1633 2242 1748 quod
2298 1635 2669 1718 maxime
2715 1688 2749 1735 ,
2809 1650 3278 1743 tutumque
3346 1635 3454 1715 si-

655 1764 977 1853 militer
1033 1757 1753 1872 deprehendimus
1806 1777 2015 1845 ante
2063 1756 2757 1845 pentateuchum
2813 1814 2846 1865 ‚
2934 1760 3086 1869 qui
3141 1755 3458 1843 dicitur

645 1916 699 1975 a
749 1912 1058 2007 graeco
1120 1878 1314 1969 arim
1364 1887 1748 1998 quinque
1777 1935 1827 1992 ,³
1872 1902 1963 1971 et
2018 1897 2267 1994 τεῦχος
2322 1886 2722 1970 volumen
2759 1938 2792 1988 ,
2852 1880 3217 1970 Codices
3248 1884 3456 1969 alios

647 2013 1134 2133 Religionis
1191 2035 1483 2096 caussa
1532 2039 1582 2095 a
1628 2013 2222 2098 vetustissimis
2291 2010 2825 2124 temporibus
2863 2007 3121 2094 fuisse
3174 2035 3457 2095 exara-

649 2155 783 2225 tos
820 2199 843 2224 .
912 2137 1334 2225 Meminit
1384 2136 1469 2218 S.
1489 2134 1743 2252 Judas
1789 2140 1885 2222 in
1955 2164 2105 2222 sua
2163 2137 2538 2249 Epistola
2593 2136 3044 2223 Canonica
3094 2134 3458 2248 Prophe·

646 2269 819 2350 tiae
880 2261 1258 2349 Henoch
1319 2290 1407 2348 v.
1463 2290 1603 2368 14.
1660 2265 2102 2349 scribens:
2171 2257 2614 2376 Προεφῆτευστ
2668 2255 2761 2343 ds)
2821 2265 2888 2371 ²9¹
2935 2265 3154 2352 τέτοις
3209 2256 3460 2361 ‘iaso-

649 2424 784 2500 μος
839 2387 991 2473 ἀπὸ
1046 2385 1310 2496 Ἀὥᾶμ
1372 2382 1634 2491 Ἐνόχ,
1693 2380 1931 2498 λῆων
1976 2446 2001 2488 ,
2063 2388 2197 2471 Ut}
2258 2385 2450 2474 ἦλθε
2505 2382 2732 2498 Κύριος
2785 2390 2850 2468 ἓν
2909 2384 3148 2499 ἁγίαις
3213 2385 3461 2500 μυριά-

655 2532 757 2597 σιν
808 2519 990 2597 duri?
1027 2540 1050 2565 ·
1117 2511 1689 2622 prophetavit
1732 2537 2027 2597 autem
2087 2511 2193 2602 <36
2245 2514 2353 2598 cle
2398 2512 2535 2596 his
2562 2510 2982 2624 septimus
3011 2514 3124 2595 ab
3159 2512 3458 2596 Adam

647 2639 1001 2724 Henoch
1055 2637 1348 2721 dicens
1384 2665 1409 2717 ε
1475 2664 1664 2720 ecce
1746 2640 1989 2722 venit
2043 2640 2473 2723 Dominus
2526 2637 2621 2721 in
2676 2640 3001 2725 sanctis
3086 2635 3463 2720 millibus

650 2765 832 2847 suis
877 2822 899 2846 .
966 2763 1208 2846 Haec
1263 2787 1524 2873 porro
1589 2759 2091 2875 expendens
2147 2759 2240 2851 S.
2267 2761 2366 2847 P.
2397 2759 2939 2880 Augustinus
2978 2762 3122 2846 lib.
3156 2779 3306 2851 XV.
3351 2755 3462 2845 de

655 2887 919 2975 civit.
983 2890 1147 2971 Dei
1223 2914 1412 2998 cap.
1445 2914 1596 3004 23.
1647 2891 1938 3001 inquit
2007 2922 2030 2972 ε
2099 2884 2550 3002 Scripsisse
2617 2886 2970 2998 quidem
3031 2884 3464 2973 nonnulla

652 3009 946 3101 divina
999 3013 1370 3097 Henoch
1415 3013 1659 3099 illum
1733 3017 2205 3127 septimum
2280 3017 2385 3098 ab
2447 3008 2736 3096 Adam
2785 3070 2819 3117 ,
2883 3040 3201 3131 negare
3265 3036 3460 3096 non

653 3165 1105 3251 possumus
1138 3197 1171 3244 ,
1233 3165 1441 3224 cum
1504 3139 1666 3226 hoc
1726 3143 1821 3223 in
1888 3140 2262 3254 Epistola
2321 3138 2774 3226 Canonica
2795 3136 3051 3254 Judas
3082 3137 3458 3251 Aposto-

653 3264 784 3350 lus
841 3262 1072 3354 dicat
1108 3291 1132 3350 ε
1173 3322 1239 3371 ,,
1298 3265 1663 3351 Librum
1714 3266 2086 3353 Henoch
2139 3283 2347 3352 ante
2407 3290 2616 3352 eum
2679 3282 3217 3383 agnoverant
3282 3266 3464 3377 pri-

560 3439 567 3447 ·
654 3393 1054 3507 migenae
1113 3391 1536 3476 Ecclesiae
1604 3391 1896 3478 Patres
1931 3452 1961 3499 ‚
2015 3393 2458 3511 JustinuS,
2519 3389 2920 3477 Irenaeus
2954 3449 2985 3498 ,
3047 3391 3464 3478 Clemens

653 3511 1294 3617 Alexandrinus
1335 3570 1366 3619 ,
1428 3517 1738 3627 aliique
1771 3576 1795 3598 .
1865 3517 2293 3604 Geminae
2347 3515 2715 3632 proinde
2746 3517 3291 3637 refragantur
3327 3545 3466 3602 au-

654 3643 1028 3725 ctoritati
1060 3700 1093 3743 ,
1154 3635 1792 3752 scripturarum
1843 3667 2170 3753 nempe
2222 3645 2310 3730 81
2364 3646 2720 3730 Patrum
2755 3705 2785 3748 ‚
2850 3661 3278 3760 quotquot
3346 3644 3463 3726 ob

653 3768 1256 3851 commentitia
1308 3767 1585 3852 multa
1622 3823 1653 3870 ,
1713 3787 1972 3879 atque
2018 3765 2501 3854 adulterina
2558 3769 2772 3851 libro
2822 3769 3194 3853 Henoch
3240 3797 3288 3853 a
3320 3794 3467 3853 ve-

656 3895 905 3975 tustis
957 3889 1703 4004 interpolatoribus
1767 3912 2045 3978 assuta
2078 3952 2109 4001 ,
2173 3891 2561 3979 eundem
2617 3899 2949 3978 auctori
3006 3920 3163 3978 suo
3225 3918 3464 4006 pror-

657 4043 798 4102 sus
841 4015 1337 4128 abjudicant
1374 4075 1397 4099 .
1456 4020 2056 4105 praetermissa
2112 4045 2357 4105 nunc
2392 4020 2852 4132 Prophetia
2909 4018 3100 4105 Noe
3147 4020 3254 4104 ab
3284 4015 3474 4102 Au«

662 4147 1016 4258 gustino
1082 4163 1554 4230 memorata
1614 4146 1760 4229 lib.
1822 4144 1930 4230 de
1987 4145 2247 4233 Civit.
2295 4146 2461 4229 Dei
2517 4164 2773 4235 xvm.
2844 4172 3029 4257 cap.
3071 4147 3222 4265 38.
3263 4201 3293 4250 ,
3357 4140 3469 4229 de

650 4268 861 4384 Jobo
888 4325 919 4374 ,
964 4273 1335 4381 'eiusque
1390 4273 1605 4357 libro
1662 4298 1929 4383 pauca
1996 4272 2247 4357 liceat
2297 4266 2664 4355 delibare
2702 4328 2725 4353 .
2782 4271 3096 4386 Jobum
3167 4275 3262 4353 in
3323 4295 3472 4354 re«

664 4422 861 4477 rum
928 4417 1234 4481 natura
1291 4401 1763 4484 obtinuisse
1828 4425 2012 4481 non
2085 4401 2340 4510 pauci
2390 4398 2979 4483 Hebraeorum
3061 4394 3472 4490 infician-

659 4537 802 4604 tur
839 4579 868 4624 ‚
930 4540 1262 4607 temere
1323 4528 1970 4638 procaciterque
2026 4528 2190 4607 rati
2257 4550 2356 4607 ea
2389 4580 2420 4628 ,
2482 4551 2701 4635 quae
2750 4521 2858 4608 de
2903 4525 3110 4607 Iobo
3172 4525 3268 4605 in
3336 4549 3464 4606 sa-

661 4649 824 4729 cris
892 4645 1192 4732 litteris
1260 4653 1824 4762 perhibentur
1860 4709 1888 4753 ,
1951 4677 2137 4732 non
2208 4648 2606 4735 historica
2638 4676 2930 4761 sapere
2965 4706 2996 4752 ‚
3060 4651 3288 4734 bene
3322 4673 3469 4735 ve·

664 4796 759 4852 ro
812 4793 975 4857 ceu
1028 4775 1513 4887 parabolam
1572 4773 1678 4861 ad
1735 4778 2201 4889 patientiae
2233 4776 2666 4888 exemplar
2698 4773 3198 4861 adornatam
3226 4829 3259 4880 ‚
3290 4799 3472 4858 esse

665 4896 1222 5016 intelligenda
1257 4960 1280 4985 .
1345 4903 1771 4988 Eccontra
1828 4901 2240 4987 nonnulli
2290 4918 2602 4987 natum
2663 4905 3138 5014 opinantur
3190 4900 3329 4984 vel
3362 4927 3472 4985 ex

663 5030 1021 5134 posteris
1076 5024 1510 5116 Abraham
1588 5055 1746 5143 per
1833 5029 2109 5114 filium
2171 5026 2548 5233 alkmem
2617 5056 2670 5115 a
2725 5027 3048 5115 Cetura
3112 5044 3470 5228 ortumi

2346 5180 2395 5237 2
3323 5178 3432 5235 ve
