4913 6618
970 378 1055 434 d
1109 373 1118 379 .

1206 462 1213 469 ·
3302 434 3352 491 2
3376 438 3413 492 1

606 561 1045 633 stamento
1068 599 1100 651 9
1130 534 1551 656 siquando
1606 534 1839 655 apud
1883 539 2247 625 Latinos
2279 541 2669 653 quaestio
2699 537 3080 622 exoritur
3111 592 3141 638 9
3170 528 3260 620 ἅ
3282 551 3416 620 est

474 769 479 773 ,
605 674 844 757 inter
890 670 1399 783 exemplaria
1462 672 1826 755 varietas
1861 727 1892 774 9
1934 670 2460 751 recurrimus
2515 662 2625 748 ad
2689 663 3036 748 fontem
3098 656 3410 748 Graeci

608 806 1028 885 sermonis
1065 852 1092 899 9
1119 823 1293 905 quo
1358 793 1710 887 Novum
1769 799 2191 907 scriptum
2254 809 2388 878 est
2441 793 3130 875 instrumentum
3191 818 3218 872 ε
3285 793 3407 873 ita

603 927 701 1009 in
767 923 1059 1011 Veteri
1109 921 1677 1009 Testamento
1713 977 1744 1025 9
1780 925 1853 1003 si
1908 915 2261 1033 quando
2307 924 2546 1004 inter
2607 912 2981 1002 Graecos
3012 915 3405 999 Latinos·-

601 1075 776 1162 que
831 1047 1281 1168 diversitas
1324 1067 1455 1132 est
1487 1108 1517 1152 9
1548 1045 1657 1133 ad
1719 1046 2234 1131 Hebraicam
2297 1048 2822 1132 recurrimus
2883 1043 3341 1127 veritatem
3376 1099 3410 1145 9

600 1193 705 1260 ut
759 1170 1185 1290 quidquid
1238 1171 1347 1258 de
1400 1172 1650 1259 fonte
1715 1172 2288 1286 proficiscitur
2320 1227 2353 1276 9
2381 1172 2544 1259 hoc
2602 1194 3109 1280 quaeramus
3161 1168 3256 1250 in
3289 1169 3403 1248 ri-

600 1300 825 1390 vulis
860 1359 925 1407 99
964 1359 991 1385 .
1052 1298 1920 1385 Nihilotamensecius
1955 1360 1985 1405 9
2009 1315 2109 1383 ut
2134 1294 2550 1384 hodierna
2579 1296 3172 1378 Hebraeorum
3205 1318 3401 1405 apo-

597 1429 913 1546 grapha
940 1485 969 1530 9
1002 1426 1273 1514 veluti
1307 1426 1800 1511 authentica
1831 1425 2513 1538 complectamur
2534 1482 2564 1527 9
2595 1423 2823 1506 bene
2854 1421 3126 1504 multa
3157 1436 3402 1523 sunt,

601 1580 827 1662 quae
872 1549 1341 1642 videantur
1373 1549 1875 1664 praepedire
1912 1611 1936 1636 .
1973 1548 2195 1633 Illud
2223 1557 2614 1664 primum
2646 1551 3078 1633 succurrit
3101 1604 3133 1648 9
3167 1542 3404 1655 quod

597 1677 686 1763 S,
716 1680 812 1764 Ρ.
876 1677 1419 1794 Augustinus
1466 1677 1951 1763 lib.xxX111.
2023 1693 2331 1763 contra
2385 1676 2804 1761 Faustum
2841 1668 3242 1757 tradidit:
3307 1668 3402 1756 Si

595 1811 1194 1899 auctoritatem
1262 1809 1879 1915 scripturarum
1961 1804 2367 1888 omnibus
2430 1796 3090 1914 praeferendam
3153 1804 3400 1909 sequi

594 1932 856 2017 vultis
891 1989 921 2034 9
954 1955 1146 2013 eam
1213 1933 1698 2042 sequamini
1733 1990 1763 2035 9
1795 1957 2015 2042 quae
2070 1930 2176 2016 ab
2241 1933 2506 2042 ipsius
2562 1929 3094 2041 praesentiae
3152 1923 3400 2010 Chri·

591 2061 704 2139 sti
757 2056 1292 2167 temporibus
1320 2114 1350 2160 9
1382 2082 1540 2167 per
1594 2052 2278 2171 dispensationes
2325 2050 2941 2166 Apostolorum
2968 2107 2998 2155 9
3061 2048 3149 2136 81
3199 2074 3397 2137 cer-

589 2196 719 2267 tas
781 2180 885 2264 ab
948 2208 1253 2265 eorum
1310 2176 1670 2265 Sedibus
1746 2187 2275 2269 sucessiones
2338 2177 2966 2291 Episcoporum
3023 2233 3054 2279 9
3117 2202 3396 2287 usque

592 2301 703 2388 ad
766 2306 973 2389 haec
1029 2326 1421 2417 tempora
1477 2365 1507 2413 9
1570 2324 1758 2393 toto
1818 2326 2244 2397 terrarum
2306 2306 2511 2390 orbe
2589 2299 3011 2390 custodita
3050 2358 3080 2406 9
3144 2326 3413 2386 com--

591 2427 1000 2514 mendata
1036 2489 1065 2534 9
1102 2432 1549 2517 clarificata
1612 2441 2015 2545 pervenit
2048 2490 2070 2515 .
2144 2488 2209 2537 99
2264 2429 2513 2518 Sicut
2599 2433 2865 2546 igitur
2953 2426 3395 2513 Catholica

588 2555 960 2640 Ecclesia
1019 2560 1118 2639 in
1178 2555 1710 2643 Tridentino
1770 2557 2176 2645 Concilio
2200 2616 2230 2662 9
2260 2573 2367 2643 ut
2418 2560 2807 2674 oportuit
2837 2612 2870 2659 9
2925 2580 3395 2672 congrega·

588 2698 676 2764 ta
742 2740 774 2785 9
833 2683 962 2765 nil
1019 2679 1126 2765 de
1181 2683 1552 2768 Hebraei
1612 2685 1938 2769 Textus
1996 2683 2444 2771 authentia
2498 2686 3121 2797 pronunciavit
3173 2739 3206 2786 9
3273 2686 3394 2767 ita

451 2906 455 2913 ³
588 2833 640 2891 e
688 2836 781 2890 re
846 2826 1140 2892 nostra
1213 2836 1395 2894 esse
1462 2815 1913 2895 statuimus
1939 2868 1970 2915 9
2006 2809 2223 2896 nihil
2255 2807 2362 2893 de
2394 2806 2821 2918 ejusmodi
2877 2825 3392 2895 controver-
3414 2834 3434 2855 ·

589 2936 711 3016 sia
766 2931 1130 3020 definire
1161 2992 1182 3013 .
1251 2933 1549 3022 Media
1595 2956 2049 3051 propterea
2111 2930 2627 3021 incedentes
2675 2939 2819 3022 via
2879 2991 2910 3038 9
2955 2949 3390 3044 quotquot

590 3059 697 3142 ab
760 3054 1193 3172 Apostolis
1228 3118 1259 3165 9
1291 3060 1378 3148 ἃ
1431 3063 1998 3180 Evangelistis
2048 3089 2155 3147 ex
2201 3042 2503 3147 Veteri
2555 3061 2810 3148 Novo
2839 3052 3152 3144 tradita
3179 3078 3392 3145 sunt

582 3183 1149 3273 Testamento
1186 3245 1216 3291 9
1273 3215 1435 3271 ceu
1491 3188 1990 3276 authentica
2052 3192 2753 3306 recognoscimus
2822 3244 2852 3292 9
2914 3190 3096 3269 imo
3126 3183 3237 3271 ἃ
3289 3213 3390 3272 ea

582 3315 884 3396 omnia
918 3318 1068 3419 ,in
1136 3315 1447 3424 quibus
1492 3316 1931 3404 Hebraeus
1985 3317 2313 3401 Textus
2368 3333 2798 3402 consonat
2869 3311 3294 3429 Vulgatae
3359 3373 3384 3398 .

576 3437 684 3521 In
747 3438 1113 3550 reliquis
1145 3438 1570 3524 Ecclesiae
1604 3487 1635 3546 9
1658 3447 2215 3554 supremique
2287 3443 2475 3552 eius
2524 3443 2858 3554 Capitis
2907 3436 3389 3526 irreforma-
3495 3497 3510 3502 -

578 3561 750 3647 bile
805 3562 1228 3671 judicium
1295 3560 1569 3650 adhuc
1623 3563 2444 3678 est-‚expectandum
2504 3627 2527 3649 .
2591 3570 2892 3653 Hocce
2950 3563 3388 3651 sentiendi

576 3715 855 3805 genus
884 3748 913 3792 9
938 3690 1190 3799 ajunt
1233 3687 1708 3776 Novatores
1770 3690 1817 3802 (
1874 3698 2029 3803 qui
2078 3695 2414 3804 privato
2472 3688 2789 3775 addicti
2835 3693 3178 3804 spiritui
3208 3699 3386 3779 ori·-

578 3818 957 3932 ginarios
1003 3815 1328 3899 Textus
1381 3816 1707 3901 habent
1754 3822 1851 3908 in
1909 3814 2232 3901 deliciis
2296 3815 2344 3929 )
2412 3816 2936 3929 periculosae
3018 3815 3390 3929 plenum

581 3957 715 4028 est
768 3942 1046 4045 aleae3
1081 3938 1224 4027 Sic
1274 3945 1520 4030 enim
1574 3943 1873 4030 licebit
1926 3944 2360 4060 ambigere
2397 3999 2430 4048 9
2483 3970 2595 4026 an
2636 3941 3019 4028 Ecclesia
3089 3966 3386 4030 veram

576 4064 1002 4180 possideat
1056 4064 1584 4179 Scripturam
1610 4126 1634 4152 .
1697 4070 2270 4182 Quamplures
2329 4070 2598 4155 etiam
2674 4069 3322 4155 Catholicorum
3354 4127 3389 4178 9

577 4197 973 4305 quamvis
1039 4218 1302 4307 scopo
1330 4209 1574 4297 ‚toto
1631 4194 1898 4280 Coelo
1930 4253 1963 4302 9
1996 4192 2335 4281 diverso
2357 4255 2388 4301 9
2417 4195 2682 4281 hacce
2739 4207 2997 4313 super
3048 4222 3145 4278 re
3201 4192 3381 4280 No·

573 4322 1016 4406 vatoribus
1074 4318 1532 4404 adhaerent
1587 4347 1611 4372 ·
1681 4320 1950 4407 Certo
2004 4327 2323 4407 certius
2391 4323 2649 4432 ajunt
2711 4318 3384 4406 existimandum

573 4464 705 4530 est
769 4464 978 4531 ante
1036 4446 1686 4560 Hieronymum
1717 4506 1750 4553 9
1783 4450 2144 4560 ejusque
2196 4466 2592 4561 tempore
2650 4505 2683 4554 9
2747 4448 3130 4534 Textum
3202 4448 3383 4532 He·

572 4572 930 4657 braeum
993 4570 1254 4656 fixisse
1309 4571 2063 4682 authenticum9si
2116 4579 2362 4660 enim
2386 4634 2419 4683 9
2452 4578 2749 4687 inquit
2808 4571 3129 4659 Ribera
3166 4591 3379 4668 cdx.

571 4701 672 4782 in
725 4698 1042 4785 Oseam
1077 4755 1108 4802 9
1136 4696 1584 4817 Prototypi
1640 4701 2007 4787 Hebraei
2061 4696 2500 4814 depravati
2544 4718 2765 4790 tunc
2813 4720 3064 4787 erant
3099 4759 3131 4806 9
3164 4727 3376 4801 cum

570 4841 873 4909 nostra
924 4821 1210 4911 Editio
1259 4829 1370 4908 sit
1421 4853 1528 4910 ex
1588 4826 1753 4911 illis
1813 4825 2322 4941 deprompta
2362 4889 2392 4933 9
2441 4834 2819 4913 omnino
2879 4825 2967 4913 ἃ
3030 4826 3172 4912 illa
3240 4824 3382 4915 de-

564 4964 924 5068 pravata
985 4957 1151 5044 erit
1177 5011 1213 5066 9
1243 4949 1334 5042 &
1385 4980 1594 5043 vera
1648 4950 1736 5041 ἃ
1790 4959 2299 5070 incorrupta
2344 4954 2790 5071 Scriptura
2833 4954 3207 5043 Ecclesia
3249 4980 3384 5040 ca-

3024 5163 3037 5176 ,
3174 5097 3360 5188 ret,
