4913 6618
1468 566 1502 621 1
1525 566 1580 620 0

1457 661 1910 764 robabele‚
1968 682 2066 743 ac
2113 653 2537 743 Nehemia
2591 659 2686 740 in
2749 650 3083 769 Syriam
3149 655 3470 742 reversi
3527 668 3741 738 sunt
3775 709 3806 760 ,
3868 668 3958 737 et
4010 654 4259 772 Jero-

1459 789 1992 899 solymorum
2040 785 2450 879 moenia,
2483 808 2580 867 ac
2631 782 2934 867 fanum
2964 808 3239 893 ‚quae
3286 783 3463 868 solo
3493 800 4072 893 aequaverant
4107 780 4267 865 As·

1459 940 1559 1026 sy
1566 916 1667 995 rii
1705 970 1734 1016 ‚
1766 910 2154 996 redivivo
2183 905 2459 1020 lapide
2494 908 3053 993 refecerunt.
3121 909 3442 993 Multas
3470 909 3988 1023 Jerosolimis
4024 877 4264 991 scho-

1457 1037 1572 1121 las
1639 1042 2143 1135 instituere,
2209 1062 2310 1119 ea
2370 1050 2666 1120 tamen
2716 1037 3009 1151 lingua
3046 1093 3076 1135 ‚
3112 1063 3373 1151 quam
3431 1036 3536 1119 ab
3590 1035 3840 1117 exilio
3901 1053 4268 1145 reporta-

1458 1181 1774 1249 verant
1813 1221 1835 1244 .
1899 1161 2068 1244 Soli
2124 1166 2368 1244 enim
2415 1157 2648 1246 docti
2690 1221 2718 1263 ,
2752 1180 2853 1245 ut
2909 1161 3247 1246 Scribae
3284 1221 3314 1264 ‚
3365 1161 3784 1243 Pharisaei
3823 1218 3851 1263 ‚
3886 1160 4264 1275 legisque

1455 1287 1872 1372 Doctores
1920 1289 2341 1370 Hebraice
2386 1290 2830 1389 sciebant,
2863 1288 3096 1398 plebs
3143 1289 3490 1400 Syriace
3547 1305 3896 1371 tantum
3936 1340 3959 1365 .
4028 1287 4268 1396 Quo·

1454 1412 1718 1497 modo
1774 1432 1982 1497 ante
2040 1414 2388 1496 exilium
2447 1416 2697 1523 pauci
2780 1413 3162 1527 linguam
3254 1414 3688 1528 Syriacam
3773 1410 4264 1515 tenebant,

1452 1538 1965 1622 Hebraicam
2025 1565 2332 1621 omnes
2371 1595 2394 1619 .
2449 1533 2704 1650 Quod
2740 1565 2791 1620 e
2822 1539 3101 1623 verbis
3151 1539 3584 1623 Rabsacae
3610 1598 3638 1640 ‚
3673 1535 3825 1621 Isa.
3863 1552 4260 1625 c.xxxV1.

1406 1736 1416 1745 .
1454 1692 1541 1750 v.
1587 1696 1616 1745 1
1644 1699 1726 1779 3.
1797 1661 2167 1747 dilucide
2227 1667 2744 1775 perspicitur
2779 1719 2802 1743 .
2876 1665 3075 1773 Quo
3099 1663 3429 1748 factum
3465 1682 3592 1747 est
3627 1723 3657 1766 ‚
3691 1682 3789 1749 ut
3832 1659 4066 1774 quod
4104 1661 4261 1775 Sy-

1453 1791 1680 1872 riace
1725 1791 2232 1897 loquebatur
2291 1788 2680 1873 Christus
2718 1847 2746 1889 ,
2811 1786 3405 1904 Evangelistae
3459 1850 3488 1892 ‚
3555 1810 3814 1904 prout
3869 1791 4269 1875 observat

1447 1913 2050 2026 Hieronymus
2110 1919 2201 1996 in
2252 1914 2396 1998 lib.
2448 1913 2557 1997 de
2613 1912 2974 1996 Nomin.
3034 1916 3254 1999 Heb.
3312 1919 3819 2027 scripserint
3859 1941 4039 1998 esse
4082 1915 4262 1999 He-

1451 2039 1836 2124 braicum
1907 2095 1937 2143 9
1985 2044 2401 2151 quoniam
2470 2041 2604 2121 illa
2661 2040 2954 2153 lingua
3006 2043 3474 2125 utebantur
3541 2042 3910 2126 Hebraei
3987 2041 4263 2124 soluta

1449 2170 2003 2277 captivitate.
2064 2166 2425 2251 Certum
2485 2184 2919 2277 praeterea
2971 2184 3100 2250 est
3158 2163 3508 2250 Esdram
3584 2186 3777 2277 post
3852 2166 4200 2248 exilium
4236 2224 4264 2270 ,

1447 2292 1543 2405 in
1615 2319 2049 2375 sacrorum
2111 2289 2541 2374 Codicum
2616 2288 3198 2401 descriptione
3266 2351 3296 2393 ‚
3361 2291 3715 2376 diversis
3806 2318 3903 2374 ac
4006 2310 4263 2375 antea

1445 2415 1817 2499 Hebraei
1878 2414 2330 2518 facerent,
2356 2417 2981 2500 characteribus
3037 2445 3289 2502 usum
3352 2415 3678 2519 fuisse3
3747 2444 4053 2502 verum
4091 2413 4264 2500 As-

1446 2545 1783 2653 syrios,
1815 2542 1948 2624 vel
2018 2538 2517 2625 Chaldaicos
2563 2540 2820 2629 fuisse
2865 2545 2969 2628 ab
3022 2542 3311 2625 Esdra
3334 2560 3785 2654 receptos,
3818 2540 3906 2626 31
3951 2545 4263 2626 substi-

1446 2683 1680 2749 tutos
1721 2670 2001 2767 ‚sicut
2076 2670 2239 2753 viri
2299 2664 2536 2750 docti
2599 2696 2784 2753 non
2843 2671 3398 2781 pauci,quos
3459 2673 3699 2752 inter
3764 2663 4260 2751 Bernardus

1446 2790 1728 2907 Lamy
1789 2797 1880 2874 in
1928 2791 2163 2904 App.
2225 2792 2445 2877 Bibl.
2512 2792 2789 2876 lib.11.
2860 2821 3048 2907 cap.
3085 2796 3167 2878 6.
3234 2822 3336 2879 ex
3403 2795 3958 2905 Hieronymo
4010 2793 4261 2877 colli-

1443 2910 1735 3033 gunt{
1802 2946 1981 3001 non
2057 2922 2251 3002 satis
2323 2947 2425 3003 ex
2482 2918 2793 3003 eodem
2856 2937 3161 3004 sancto
3210 2921 3586 3005 Doctore
3640 2921 4176 3029 assequimur
4226 2975 4257 3003 .

1443 3042 1775 3127 Asserit
1826 3042 2179 3156 quidem
2244 3048 2340 3130 in
2401 3045 2770 3162 Prologo
2833 3041 3186 3130 Galeato
3252 3049 3408 3128 sub
3485 3048 3842 3127 initium
3906 3040 4262 3130 Esdram

1441 3170 1641 3251 alias
1697 3171 2016 3253 litteras
2075 3187 2267 3281 post
2326 3175 3053 3256 instaurationem
3097 3171 3445 3283 Templi
3535 3173 3948 3282 reperisse
4010 3227 4038 3273 ,
4110 3168 4264 3256 sed

1441 3291 1782 3378 easdem
1841 3294 2103 3379 fuisse
2157 3323 2254 3383 ac
2314 3295 2776 3382 Chaldaeas
2845 3325 3030 3381 non
3101 3299 3396 3408 inquit
3431 3328 3461 3400 ς
3497 3301 3682 3381 imo
3748 3313 4044 3409 aperte
4106 3325 4263 3383 no-

1438 3419 1568 3502 bis
1627 3417 1967 3506 videtur
2030 3419 2393 3507 edocere
2442 3425 2770 3509 litteras
2803 3425 2906 3505 ab
2938 3419 3196 3507 Esdra
3221 3441 3698 3534 assumptas
3735 3481 3765 3523 ‚
3799 3448 4019 3505 sono
4046 3449 4257 3509 cum

1439 3543 1915 3631 Chaldaicis
1960 3554 2476 3635 convenisse
2513 3547 2726 3654 ,sed
2783 3574 2968 3630 non
3034 3548 3369 3631 format
3442 3551 3564 3630 sic
3626 3551 3876 3630 enim
3939 3550 4258 3663 incipit

1439 3670 1624 3779 ejus
1671 3674 2079 3791 Prologus
2143 3670 2543 3759 Galeatus
2578 3734 2600 3756 .
2639 3731 2703 3778 9,
2733 3672 3077 3790 Viginti
3110 3668 3198 3757 ἃ
3225 3669 3428 3755 duas
3460 3676 3780 3757 litteras
3815 3698 3997 3757 esse
4026 3672 4258 3789 apud

1435 3796 1873 3886 Hebraeos
1904 3859 1936 3903 ‚
1968 3800 2384 3914 Syrorum
2455 3826 2809 3911 quoque
2865 3802 3162 3913 lingua
3196 3855 3228 3900 ,
3285 3794 3374 3883 ἃ
3434 3795 4060 3884 Chaldaeorum
4115 3818 4259 3886 te-

1435 3942 1708 4007 statur
1747 3984 1776 4028 ,
1813 3951 2035 4035 quae
2099 3925 2545 4009 Hebraeae
2612 3950 2926 4037 magna
2976 3951 3081 4007 ex
3135 3940 3376 4035 parte
3403 3924 3777 4010 confinis
3808 3942 3939 4009 est
3976 3985 4007 4030 ‚
4042 3953 4255 4016 nam

1434 4046 1523 4134 ἃ
1586 4051 1749 4159 ipsi
1799 4051 2120 4164 viginti
2170 4043 2343 4129 duo
2388 4050 2820 4133 elementa
2883 4050 3206 4133 habent
3270 4046 3576 4134 eodem
3632 4049 4078 4156 sono‚sed
4111 4050 4249 4137 di-

1433 4178 1698 4260 versis
1733 4172 2357 4258 characteribus
2389 4233 2417 4259 .
2442 4173 2952 4259 Samaritani
2984 4179 3246 4259 etiam
3271 4175 3959 4263 pentateuchum
3991 4175 4254 4295 Moy-

1437 4301 1549 4384 sis
1606 4298 1970 4416 totidem
2022 4302 2329 4385 litteris
2394 4303 2893 4411 scriptitant
2929 4359 2960 4407 ‚
2993 4301 3283 4419 figuris
3349 4321 3700 4389 tantum
3740 4363 3768 4407 ‚
3828 4319 3917 4388 et
3974 4309 4248 4416 apici-

1433 4429 1593 4512 bus
1648 4425 2229 4541 discrepantes
2267 4459 2290 4511 z
2330 4429 2878 4538 Certumque
2928 4449 3056 4513 est
3106 4426 3459 4514 Esdram
3521 4432 3884 4515 scribam
3928 4488 3958 4534 ‚
3998 4431 4252 4547 legis-⁵

1432 4582 1607 4669 que
1668 4551 2114 4639 doctorem
2154 4572 2350 4665 post
2410 4572 2753 4666 captam
2794 4554 3416 4669 Jerosolymam
3468 4613 3502 4661 ‚
3557 4574 3647 4639 et
3694 4559 4249 4641 instauratio-

1431 4707 1647 4767 nem
1693 4678 2041 4791 Templi
2094 4682 2249 4761 sub
2305 4678 2814 4766 zorobabele
2840 4739 2869 4785 ‚
2901 4683 3097 4765 alias
3143 4682 3466 4768 litteras
3527 4687 3945 4796 reperisse
3981 4738 4010 4783 ‚
4046 4685 4248 4793 qui-

1430 4809 1595 4894 bus
1647 4829 1895 4888 nunc
1958 4807 2294 4890 utimur
2326 4863 2356 4907 ‚
2391 4833 2600 4893 cum
2653 4799 2760 4890 ad
2804 4803 3016 4892 illud
3071 4836 3347 4920 usque
3409 4827 3758 4922 tempus
3820 4804 4083 4891 iidem
4103 4807 4248 4891 Sa·

1426 4929 2058 5020 maritanorum
2094 4989 2123 5036 ‚
2154 4930 2243 5018 8<
2294 4932 2888 5020 Hebraeorum
2937 4935 3463 5019 characteres
3510 4933 3842 5017 fiierint
3867 4988 3891 5012 .
3929 4990 3993 5037 ‚‚
4027 4931 4247 5021 Sen-

1428 5062 1540 5149 tit
1603 5060 1866 5178 igitur
1920 5058 2082 5147 hoc
2146 5057 2315 5145 loci
2377 5059 2979 5175 Hieronymus
3031 5057 3440 5148 Esdrinos
3467 5061 3763 5149 charae
3774 5078 3998 5145 teres
4040 5085 4241 5267 gos-

4103 5209 4247 5270 em
