4913 6618
604 696 724 780 ris
787 687 1005 775 nihil
1062 674 1540 803 significare
1603 666 2379 793 deprehenduntur
2404 730 2427 756 .
2494 670 2628 760 Sit
2657 696 2765 759 ex
2794 670 3092 760 multis
3113 727 3147 775 ‚
3199 573 3432 786 quag

608 817 895 907 afferri
948 827 1359 928 possent,
1414 805 1812 893 unum&
1843 806 2210 888 alterum
2244 800 2744 912 exemplum
2783 856 2807 879 .
2869 799 3217 885 Primus
3273 801 3433 884 ho-

608 970 767 1030 mo
819 938 1095 1025 dictus
1141 953 1271 1021 est
1317 944 1469 1044 0¹32}
1505 991 1535 1035 ‚
1592 935 2015 1045 quoniam
2052 927 2220 1012 fuit
2278 926 2747 1041 plasmatus
2781 948 2889 1008 ex
2913 944 3193 1013 terrae
3229 925 3438 1037 pul-

574 1116 819 1177 ·vere
854 1144 885 1189 ‚
953 1104 1054 1170 ut
1101 1081 1331 1170 Gen.
1370 1085 1473 1169 ΙΙ.
1539 1114 1726 1199 ν.7.
1763 1083 2077 1201 legitur
2135 1092 2390 1192 πρᾌζξζῐ
2428 1090 2510 1177 ³2?
2546 1089 2698 1191 πῃ
2746 1077 3049 1162 Pulvis
3107 1106 3225 1162 ea·
3255 1097 3436 1162 ter-

609 1265 716 1323 ra
752 1294 775 1317 .
834 1235 1071 1319 Uxor
1096 1237 1280 1347 ejus
1305 1237 1725 1349 appellata
1756 1252 1886 1321 est
1937 1247 2074 1345 Πξζῐ
2106 1234 2299 1317 Ευα
2334 1291 2364 1337 ,
2400 1259 2607 1318 cum
2630 1249 2907 1316 mater
2924 1227 3187 1315 fixerit
3216 1239 3291 1320 ’Π
3339 1210 3434 1343 ¹⁷?

612 1381 918 1468 Omnis
973 1386 1211 1467 vitae
1262 1441 1286 1465 .
1350 1380 1592 1467 Idem
1646 1385 2080 1468 evincunt
2138 1378 2567 1465 Gentium
2623 1436 2654 1481 ‚
2719 1405 2818 1464 ac
2909 1379 3437 1490 populorum

614 1511 991 1594 nomina
1028 1568 1058 1612 ‚
1117 1532 1338 1619 quae
1378 1507 2081 1620 frequentissime
2113 1510 2542 1622 originem
2572 1504 2894 1588 habent
2925 1505 3376 1587 hebraeam
3403 1566 3431 1602 .

615 1652 927 1746 utpote
988 1660 1210 1745 quae
1268 1663 1317 1717 a
1371 1636 1875 1717 nominibus
1932 1633 2302 1716 filiorum
2377 1629 2569 1713 Noe
2605 1685 2636 1729 ‚
2702 1655 3178 1738 eorumque
3242 1628 3433 1712 Ne-

617 1777 934 1872 potum
982 1757 1507 1843 diducantur
1575 1815 1601 1841 .
1695 1756 1822 1841 Ita
1878 1756 2183 1842 Assirii
2264 1755 2369 1839 ab
2432 1751 2706 1837 Assur
2766 1811 2797 1856 ‚
2861 1753 3272 1837 Elamitae
3329 1753 3440 1839 ab

614 1885 861 1972 Elam
898 1944 929 1991 ,
996 1886 1395 1970 Aramaei
1451 1884 1556 1966 ab
1608 1880 1880 1968 Aram
1917 1942 1946 1984 ‚
1991 1882 2362 1997 Cymbri
2398 1938 2428 1984 ‚
2486 1883 2667 1965 sive
2701 1877 3153 1962 Cimmerii
3188 1907 3235 1962 a
3269 1875 3439 1964 Go-

617 2036 864 2094 mero
898 2069 929 2109 ‚
978 2006 1226 2101 Medi
1288 2039 1339 2093 a
1394 2005 1685 2093 Madai
1714 2066 1737 2089 .
1808 2010 2010 2094 Huc
2077 2010 2340 2091 etiam
2373 2023 2775 2117 spectant
2808 2008 3171 2088 nomina
3205 2004 3434 2089 Deo-

616 2161 822 2219 rum
888 2131 1318 2220 Gentium
1380 2166 1404 2215 =
1493 2132 1915 2218 Saturnus
1983 2129 2212 2246 apud
2278 2132 2598 2215 multos
2662 2127 2992 2216 derivat
3052 2158 3101 2214 a
3167 2131 3438 2216 verbo

617 2274 778 2372 ’τῇς
850 2260 1151 2342 Latuit
1189 2317 1215 2344 .
1279 2259 1484 2342 Non
1525 2263 1782 2369 pauci
1838 2259 2199 2343 trahunt
2248 2256 2556 2372 Jovem
2622 2256 2728 2347 ab
2811 2258 2963 2364 ὓΣΠξ
3015 2313 3044 2357 ,
3099 2281 3435 2340 nomen

617 2413 786 2497 Dei
836 2414 1285 2521 proprium
1354 2409 1461 2491 ab
1517 2412 1889 2492 essentIa
1960 2434 2166 2492 eum
2222 2404 2809 2491 denominans
2844 2463 2875 2509 ‚
2932 2402 3179 2511 cujus
3212 2399 3440 2486 fidis-

621 2540 892 2621 simus
959 2539 1389 2645 interpres
1422 2550 1553 2616 est
1593 2531 2035 2646 Johannes
2069 2536 2331 2617 initio
2362 2532 2969 2646 Apocalipseos
2991 2531 3375 2613 scribens
3408 2557 3438 2611 ε

624 2659 664 2740 ὅ
717 2662 871 2762 ἄν,
924 2659 1034 2759 115)
1103 2692 1135 2739 ο
1191 2653 1307 2755 ἵν,
1372 2658 1483 2758 υ)
1538 2655 1576 2736 ὅ
1640 2655 2054 2773 ὄρχόμενοςε
2126 2659 2300 2770 Qui
2361 2678 2559 2762 est,
2615 2655 2723 2747 <36
2770 2653 3166 2760 erat9&
3220 2681 3438 2737 ven-

621 2829 878 2895 turus
927 2829 1060 2894 est
1087 2868 1110 2893 .
1178 2811 1487 2895 Belum
1555 2808 1861 2897 itidem
1919 2829 2336 2925 repetunt
2398 2815 2505 2896 ab
2571 2813 2967 2897 Hebraeo
3029 2795 3178 2926 '’v-23
3256 2806 3443 2890 Do·

626 2963 1012 3048 minatus
1064 2983 1201 3047 est
1237 3021 1262 3044 .
1317 2963 1555 3047 Haec
1612 2961 1985 3047 sufficiat
2044 2948 2445 3048 innuisse
2485 3020 2508 3044 .
2576 2963 3041 3047 Caeterum
3103 2967 3208 3047 ab
3253 2990 3442 3048 exo-

626 3091 1001 3173 ticarum
1069 3088 1564 3204 linguarum
1612 3091 1910 3201 peritis
1966 3085 2300 3172 dudum
2364 3090 2912 3176 observatum
2966 3105 3095 3170 est
3129 3147 3158 3191 ,
3226 3087 3438 3171 reli-

628 3215 877 3325 quias
943 3213 1410 3298 Hebraicae
1448 3215 1792 3331 linguae
1836 3218 1927 3298 in
1970 3217 2378 3298 omnibus
2411 3214 2594 3296 aliis
2621 3211 3110 3298 adinveniri
3149 3270 3179 3318 ,
3208 3209 3445 3327 quod

632 3335 1206 3424 eruditissimo
1258 3340 1869 3426 Thomassinio
1901 3400 1931 3447 ‚
1969 3345 2322 3452 aliisque
2368 3340 2539 3425 fuit
2593 3345 2685 3423 in
2748 3368 3036 3425 caussa
3121 3344 3448 3453 praeci-

629 3490 806 3576 pua
865 3522 897 3565 ‚
991 3482 1091 3547 ut
1138 3466 1473 3579 linguas
1529 3493 1835 3550 omnes
1894 3468 1998 3550 ab
2070 3467 2470 3553 Hebraeo
2545 3462 2799 3552 fonte
2867 3465 3361 3552 derivarent
3417 3527 3445 3553 .

629 3587 855 3672 Heic
918 3617 1131 3675 vero
1195 3589 1435 3672 lubet
1489 3581 1938 3674 advertere
2021 3591 2503 3675 Hebraeam
2566 3595 2951 3707 linguam
3019 3595 3113 3673 in
3175 3595 3449 3703 capti-

630 3715 901 3800 vitate
956 3713 1488 3825 Babylonica
1522 3772 1553 3815 ‚
1600 3714 1806 3796 licet
1883 3713 2108 3795 ultra
2160 3743 2445 3799 annos
2510 3720 3055 3830 septuaginta
3119 3744 3449 3827 nequa-

629 3864 899 3948 quam
949 3840 1267 3922 isthaec
1319 3833 1978 3955 progrederetur
2022 3897 2055 3941 ,
2122 3867 2533 3956 magnam
2601 3842 2952 3923 subiisse
3021 3844 3444 3925 mutatio-

635 3989 856 4046 nem
894 4021 918 4045 .
982 3964 1254 4049 Exilio
1316 3992 1763 4078 oppressus
1810 3966 1975 4048 Dei
2030 3967 2398 4075 populus
2462 3965 2851 4081 linguam
2884 3981 3228 4076 patrum
3267 3965 3454 4075 ejus

637 4084 1085 4173 dediscere
1136 4094 1427 4203 coepit
1463 4146 1489 4173 .
1538 4089 1886 4200 Captivi
1940 4115 2191 4172 senes
2257 4118 2308 4176 e
2369 4093 2549 4176 vita
2613 4091 3098 4207 migrabant
3134 4150 3165 4195 ‚
3201 4095 3456 4203 pueri

644 4212 1033 4329 linguam
1084 4215 1703 4328 Babylonicam
1769 4215 2303 4299 imbibebant
2374 4273 2398 4296 .
2493 4216 2859 4298 Exulum
2916 4215 3387 4302 multitudo
3419 4274 3454 4324 ,

640 4357 746 4422 ut
794 4340 1203 4455 Josephus
1267 4340 1708 4453 Antiquit.
1795 4341 2228 4427 lib.XV111.
2324 4366 2513 4452 cap.
2568 4364 2703 4427 ια.
2800 4339 2886 4427 8(
2941 4340 3454 4430 -Talmudici

641 4462 1058 4550 Doctores
1112 4485 1470 4551 narrant
1503 4526 1534 4571 ,
1567 4468 1870 4550 urbem
1927 4465 2030 4548 ad
2053 4465 2506 4578 Euphratis
2576 4469 2854 4580 ripam
2914 4463 3383 4552 condidere
3416 4523 3455 4575 ,

644 4617 910 4702 quam
962 4591 1327 4708 ἐπιχωρίαν
1387 4620 1602 4679 voce
1656 4606 1798 4709 Ny}
1833 4607 1968 4708 ‘²¹73'
2036 4592 2486 4675 Nem-dam
2552 4653 2583 4698 ,
2649 4587 2881 4703 quod
2939 4610 3066 4676 est
3109 4599 3458 4698 flumen

645 4742 1087 4829 doctrinae
1119 4802 1149 4845 ‚
1173 4745 1714 4858 appellarunt
1747 4805 1777 4848 ‚
1816 4746 2283 4864 Synagogis
2317 4749 2726 4832 extructis
2763 4805 2794 4851 ‚
2850 4765 3110 4859 atque
3167 4745 3456 4833 Acca-

649 4859 954 4950 demiis
983 4928 1005 4951 .
1057 4869 1231 4953 Ubi
1288 4898 1494 4957 vero
1548 4873 1653 4955 ab
1700 4870 2151 4957 Artaxerse
2227 4873 2451 4959 facta
2531 4891 2658 4957 est
2734 4877 3139 4959 omnibus
3200 4931 3230 4977 ‚
3300 4877 3455 4986 qui

649 4989 982 5081 vellent
1003 5051 1037 5105 ,
1070 4992 1492 5090 redeundi
1533 5001 1630 5087 in
1675 4996 2083 5118 Judaeam
2111 5019 2485 5114 potestas
2516 5058 2548 5111 2
2574 5002 2833 5100 multi
2900 4996 3258 5089 ducibus
3288 5000 3455 5083 Zo-

2156 5124 2265 5210 -B
3324 5140 3458 5208 rod
