4913 6618
3408 501 3448 569 ἶ

658 601 798 711 vit
820 658 852 706 9
900 612 1109 689 cnm
1169 591 1507 685 Gentes
1566 593 1865 716 lingua
1910 592 2071 682 sibi
2134 593 2599 685 vernacula
2663 648 2696 704 9
2778 619 3000 711 quae
3061 593 3169 685 ab
3231 501 3460 714 Ago-

657 729 892 815 stolis
956 726 1065 812 de
1129 727 1471 811 Christo
1520 720 1717 837 Jesu
1778 723 2356 840 vulgabantur
2412 778 2447 830 9
2536 751 2588 806 a
2660 722 3106 836 Prophetis
3193 725 3455 845 longe

652 871 865 941 ante
910 854 1522 967 praenuntiata
1558 907 1589 952 9
1649 866 2440 966 recognoscerent3
2506 850 2804 961 sicque
2859 847 2970 933 de
3030 848 3228 973 ‹lo-lo
3272 880 3461 939 ma-

651 977 741 1060 lo
775 1036 808 1081 9
868 982 1049 1064 sive
1106 981 1204 1062 in
1264 974 1701 1091 Apostolis
1737 1033 1767 1077 9
1828 978 2010 1061 sive
2064 980 2160 1059 in
2213 971 2549 1093 Judaeis
2585 1030 2615 1077 9
2678 977 2966 1059 omnis
3020 1003 3458 1063 amovere·-

649 1119 798 1188 tur
845 1106 1281 1215 suspicio;
1347 1128 1623 1215 quum
1673 1097 1970 1217 Judaei
2029 1105 2193 1214 ipsi
2244 1100 2741 1187 Canonicos
2786 1104 3106 1187 vetusti
3167 1099 3457 1188 foede-

646 1230 767 1312 ris
819 1231 1079 1314 libros
1106 1287 1136 1334 9
1181 1224 1535 1315 Graecis
1587 1226 1888 1311 litteris
1913 1231 2573 1341 consignassent
2607 1285 2632 1308 .
2684 1227 2815 1311 De
2846 1227 3106 1312 hacce
3147 1231 3459 1316 versio·

648 1376 775 1439 ne
831 1358 1124 1470 inquit
1175 1381 1427 1467 saepe
1468 1350 1853 1439 laudatus
1909 1351 2393 1437 Bernardus
2451 1351 2736 1464 Lamy
2771 1355 2865 1436 in
2900 1351 3225 1466 Appar.
3258 1353 3449 1440 Bib.

648 1478 797 1563 lib.
839 1500 929 1567 11.
995 1508 1184 1592 cap.
1238 1509 1380 1565 ιο.
1420 1537 1452 1585 ,
1510 1496 1852 1565 constat
1905 1496 2111 1562 ante
2176 1497 2569 1589 tempora
2636 1478 2958 1562 Christi
3019 1478 3452 1594 vulgatam

647 1604 913 1691 fixisse
942 1663 965 1688 .
1033 1606 1221 1719 Ipsa
1276 1623 1405 1690 est
1465 1631 1685 1716 quae
1741 1605 2008 1688 hoece
2062 1607 2431 1688 nomine
2474 1602 3082 1689 circumfertur
3108 1661 3139 1709 9
3190 1633 3455 1716 quam

640 1727 1063 1845 Josephus
1094 1791 1126 1834 9
1183 1729 1271 1816 8<
1333 1728 1572 1815 Philo
1632 1730 2287 1817 celebraverunt
2311 1762 2336 1812 ε
2399 1757 2508 1813 ex
2558 1758 2729 1842 qua
2792 1728 3086 1816 videre
3151 1750 3284 1815 est
3345 1736 3448 1823 in

645 1856 904 1941 Novo
980 1857 1546 1940 Testamenta
1629 1857 2037 1968 pleraque
2124 1881 2229 1939 ex
2319 1859 2592 1942 veteri
2680 1858 3031 1974 allegata
3086 1914 3111 1941 .
3213 1858 3451 1949 Huic

638 1984 1272 2090 acquieverunt
1371 1978 1768 2092 Apostoli
1831 2038 1865 2084 9
1954 1979 2044 2067 <Sc
2126 1984 2536 2068 universa
2585 1983 2959 2067 Ecclesia
3014 2042 3038 2067 .
3124 1982 3250 2070 Ex
3345 2012 3449 2073 ea

643 2103 922 2192 factae
977 2126 1188 2193 sunt
1253 2109 1590 2196 version
1602 2133 1692 2193 es
1726 2163 1757 2208 9
1812 2131 2036 2217 quae
2086 2111 2472 2219 primum
2546 2109 2640 2190 in
2720 2107 3112 2193 Ecclesiis
3193 2107 3452 2195 Chri·-

640 2236 945 2317 stianis
1000 2233 1338 2344 publice
1423 2235 1897 2344 praelectae
1961 2249 2168 2315 sunt
2205 2290 2227 2314 .
2276 2233 2683 2342 Denique
2747 2260 2853 2317 ex
2904 2233 3061 2319 hac
3120 2231 3450 2323 Graeca

642 2360 1044 2444 versione
1092 2356 1532 2441 traductae
1588 2377 1799 2442 sunt
1846 2355 2216 2442 Arabica
2250 2416 2281 2461 9
2346 2356 2856 2471 Aethiopica
2887 2414 2917 2460 9
2977 2354 3375 2445 Armena
3409 2415 3444 2467 9

637 2482 981 2595 illyrica
1013 2542 1044 2587 9
1067 2479 1465 2586 Gothica9
1495 2482 1811 2567 Latina
1842 2503 2088 2571 vetus
2119 2501 2329 2568 ante
2347 2484 2709 2567 Beatum
2745 2484 3397 2598 Hieronymum
3418 2542 3446 2572 .

643 2605 832 2691 Nec
895 2608 1146 2693 aliam
1224 2607 1599 2693 Ecclesia
1677 2606 2003 2695 Graeca
2053 2667 2087 2713 9
2145 2607 2234 2695 ἃ
2291 2611 2747 2722 pleraeque
2795 2610 3282 2696 Orientales
3344 2615 3446 2699 in

634 2733 875 2819 hunc
939 2760 1215 2844 usque
1269 2730 1502 2818 diem
1566 2751 2057 2851 agnoscunt
2087 2790 2120 2839 9
2166 2734 2326 2822 hac
2386 2734 2558 2821 sola
2589 2753 3060 2822 contentae
3097 2796 3120 2821 .
3188 2736 3451 2827 Hanc
3558 2826 3566 2835 ,

637 2857 928 2944 Patres
956 2916 987 2961 9
1039 2858 1127 2946 ἃ
1181 2858 1593 2976 Theologi
1642 2879 1826 2945 tam
1881 2858 2192 2945 Graeci
2243 2919 2274 2964 9
2328 2889 2590 2974 quam
2639 2862 2937 2946 Latini
3003 2889 3448 2948 commen·

633 2988 870 3068 tariis
941 2985 1478 3070 illustrarunt
1535 3042 1571 3089 9
1622 2983 1711 3073 δι
1771 2988 1866 3069 in
1939 2986 2355 3071 Conciliis
2417 3003 2601 3071 tam
2664 2987 3338 3073 provincialibus
3407 3046 3442 3095 9

638 3137 905 3222 quam
958 3106 1154 3193 Gen
1165 3111 1523 3195 eralibus
1577 3167 1611 3215 9
1695 3136 1803 3196 ex
1866 3111 2024 3198 hac
2092 3116 2548 3199 veritatem
2610 3111 3058 3200 doctrinae
3148 3114 3447 3227 proba-

636 3251 854 3320 runt
887 3292 918 3341 9
978 3261 1304 3322 errores
1365 3234 1453 3321 ἃ
1514 3236 1897 3324 haereses
1944 3236 2518 3358 profligarunt
2553 3296 2583 3346 9
2638 3244 2866 3328 vitae
2932 3299 2963 3348 9
3038 3240 3126 3328 81
3191 3238 3444 3326 disci·

634 3361 931 3476 plinae
978 3365 1305 3481 regulas
1358 3362 1832 3469 hauserunt
1867 3421 1932 3469 99
1970 3424 1993 3449 .
2061 3368 2406 3483 Ergone
2454 3384 2878 3481 tanquam
2947 3367 3446 3453 authentica

632 3491 801 3571 erit
863 3483 1412 3605 agnoscenda
1443 3484 1489 3570 ⁶?
1546 3488 1768 3573 Heic
1816 3494 2237 3602 utrinque
2292 3495 2532 3579 inter
2571 3519 2660 3577 se
2692 3497 3001 3579 acriter
3049 3521 3443 3610 pugnan-

631 3615 863 3698 tibus
928 3611 1281 3699 eruditis
1335 3613 1971 3725 aliquantulum
2022 3615 2670 3701 immorandum
2723 3677 2747 3702 .
2851 3615 3117 3731 Apud
3188 3617 3443 3731 Apo-

632 3738 892 3824 stolos
921 3796 951 3842 9
1001 3738 1089 3827 ἃ
1149 3742 1727 3855 primigenam
1760 3795 1793 3846 9
1854 3738 2403 3853 adultamque
2458 3742 2925 3828 Ecclesiam
2986 3797 3016 3848 9
3107 3763 3209 3830 ut
3261 3744 3444 3854 jam

631 3861 973 3951 dIctum
1038 3885 1168 3951 est
1202 3924 1233 3971 9
1294 3863 1811 3951 Versionem
1873 3866 2439 3985 Septuaginta
2497 3865 2875 3953 Viralem
2939 3896 3105 3954 usu
3156 3871 3444 3956 venis-

625 4016 720 4076 se
754 4050 784 4096 9
840 3989 1104 4075 fidem
1157 3990 1497 4076 faciunt
1551 3987 2002 4077 indubiam
2061 3993 2467 4079 Irenaeus
2507 4050 2539 4098 9
2594 3992 2970 4112 Cyrillus
3033 3995 3438 4079 Hieroso-

624 4119 1111 4229 lymitanus
1144 4175 1174 4221 9
1238 4143 1339 4202 ac
1396 4142 1759 4235 magnus
1813 4119 2355 4235 Augustinus
2392 4177 2417 4201 .
2479 4118 2618 4204 Sic
2669 4125 2997 4232 primus
3055 4120 3440 4233 loquitur

626 4245 773 4330 lib.
805 4263 933 4326 111.
996 4241 1398 4329 adversus
1449 4244 1830 4329 haereses
1881 4272 2071 4359 cap.
2114 4273 2162 4328 2
2182 4275 2267 4358 5.
2309 4276 2337 4348 ς
2373 4243 2674 4346 Petrus
2710 4303 2736 4345 9
2796 4244 2884 4332 ἃ
2941 4245 3380 4361 Johannes
3403 4303 3439 4354 9

623 4369 713 4460 ἃ
776 4368 1264 4457 Matthaeus
1294 4431 1323 4477 9
1384 4368 1473 4456 81
1523 4370 1828 4454 Paulus
1862 4427 1892 4473 9
1942 4371 2029 4458 ἃ
2087 4371 2398 4483 reliqui
2450 4365 2867 4484 deinceps
2902 4429 2933 4474 9
2990 4369 3078 4457 ἃ
3124 4371 3438 4459 horum

624 4512 1084 4584 sectatores
1140 4496 1639 4609 prophetica
1704 4500 2001 4581 omnia
2049 4502 2169 4580 ita
2211 4498 2874 4582 annunciamnt
2920 4552 2952 4601 9
3010 4495 3434 4608 quemad-

626 4619 988 4709 modum
1051 4622 1515 4707 Seniorum
1573 4626 2176 4735 interpretatio
2225 4625 2630 4708 continet
2665 4681 2729 4730 9,
2768 4682 2790 4707 .
2839 4625 3152 4708 Parum
3210 4624 3439 4706 absi-

625 4745 861 4835 milia
907 4748 1236 4861 profert
1287 4749 1374 4833 S.
1410 4748 1788 4863 Cyrillus
1824 4748 2271 4836 Catechesi
2305 4744 2450 4831 lV.
2517 4751 2985 4861 inquiensx
3043 4746 3435 4836 Studiose

624 4869 1044 4959 meditare
1116 4880 1576 4989 scripturas
1624 4932 1654 4978 9
1726 4901 1936 4985 quas
1990 4881 2086 4961 in
2154 4874 2553 4960 Ecclesiis
2617 4873 3166 4960 confidenter
3225 4876 3432 4992 legi·-

624 5024 825 5088 mus
849 5053 877 5083 .
935 4998 1224 5090 Multo
1274 5000 1877 5117 prudentiores
1908 5019 2000 5088 te
2031 5061 2064 5112 9
2094 5000 2180 5091 8<
2215 5001 2770 5114 religiosiores
2802 4999 3160 5098 fi1erunt
3191 5000 3424 5115 Apo-

2371 5126 2446 5209 F
3269 5143 3435 5216 sto.
