4913 6618
674 642 895 727 nem
927 691 959 744 ‚
1020 663 1194 752 qua
1241 632 1721 723 obstrueret
1780 653 1930 719 ora
1983 621 2510 751 Judaeoru'm
2571 687 2602 738 ,
2667 632 3177 746 perenniter
3238 535 3490 723 012?-

675 769 976 852 stianis
1038 763 1738 877 exprobrantium
1771 765 1953 848 veri
1978 762 2593 874 scripturarum
2640 786 2946 846 sensus
2976 821 3008 867 ,
3069 780 3218 849 aut
3236 767 3480 881 igno-

678 895 1054 978 rantiam
1089 949 1121 995 ,
1181 907 1329 974 aut
1397 913 1756 1004 pravam
1818 889 2634 1000 interpretationem
2688 942 2713 966 .
2808 889 3148 973 Eximio
3210 889 3480 977 hocce

677 1014 1102 1133 Origenes
1157 1032 1436 1103 tactus
1491 1011 1853 1098 consilio
1898 1015 2144 1098 alteri
2221 1017 2463 1127 operi
2526 1040 2892 1097 manum
2979 1017 3391 1128 applicuit
3445 1073 3483 1122 ,

677 1138 915 1254 quod
964 1135 1319 1254 quidem
1353 1199 1386 1246 ‚
1445 1141 1648 1223 licet
1702 1141 1938 1223 inter
1991 1136 2455 1226 Versiones
2514 1143 2887 1225 strictim
2944 1167 3130 1222 non
3194 1146 3303 1224 sit
3328 1170 3478 1225 ac-

675 1265 1224 1355 censendum
1260 1326 1291 1371 ‚
1355 1286 1653 1352 tamen
1742 1266 1851 1349 ab
1934 1265 2353 1378 aliquibus
2416 1269 2528 1350 ob
2597 1267 2784 1376 ejus
2872 1269 3481 1377 praestantiam

675 1391 1157 1479 honorifico
1214 1398 1382 1479 isto
1445 1391 1814 1475 nomine
1841 1389 2011 1475 fiJit
2041 1394 2562 1506 appellatum
2599 1449 2622 1473 .
2690 1394 2927 1476 Haec
2975 1420 3234 1504 porro
3262 1420 3483 1476 seor·

678 1522 849 1605 sim
910 1523 1018 1604 ab
1082 1519 1262 1603 aliis
1323 1514 1551 1604 edita
1605 1522 2143 1634 septuaginta
2209 1517 2492 1606 viralis
2540 1536 2722 1603 erat
2757 1575 2789 1621 ,
2850 1519 3175 1602 notulis
3225 1521 3480 1605 variis

679 1670 1062 1758 respersa
1093 1705 1124 1750 ‚
1188 1672 1296 1729 ex
1344 1647 1651 1757 quibus
1732 1644 2256 1729 elucesceret
2323 1700 2355 1750 ‚
2450 1670 2675 1754 quae
2737 1649 3319 1756 comparative
3369 1639 3479 1728 ad

679 1769 1065 1858 Textum
1116 1770 1605 1857 Hebraeum
1660 1771 1756 1851 in
1825 1772 1984 1853 ista
2051 1787 2339 1855 essent
2401 1765 2860 1874 addenda,
2920 1797 3314 1885 quaeque
3346 1797 3479 1856 re-

597 1997 603 2001 ,
680 1891 1176 1982 dundarent
1206 1953 1238 2000 ‚
1296 1926 1396 1981 ac
1448 1911 1898 2008 propterea
1945 1890 2525 2015 expungenda
2555 1892 3058 1982 viderentur
3092 1960 3113 1981 .
3177 1894 3479 2011 Appo-

677 2025 840 2105 site
904 2022 990 2105 S.
1027 2023 1620 2138 Hieronymus
1659 2023 1754 2104 in
1790 2019 2162 2133 Epistola
2207 2019 2314 2105 ad
2347 2020 2776 2105 Sunniam
2812 2079 2844 2125 ,
2905 2020 2993 2106 ἃ
3025 2023 3483 2111 Fretellam

676 2141 789 2231 de
853 2148 995 2230 illa
1061 2151 1182 2231 sic
1238 2150 1670 2259 loquitur:
1738 2144 1908 2229 Ubi
1981 2142 2195 2256 quid
2259 2151 2448 2231 min
2460 2175 2558 2230 us
2621 2147 2979 2231 habetur
3041 2152 3136 2231 in
3202 2148 3477 2236 Grae·-

673 2298 784 2359 co
839 2275 945 2357 ab
999 2273 1421 2358 Hebraica
1482 2275 1843 2358 veritate
1878 2329 1910 2375 ,
1971 2272 2391 2389 Origenes
2453 2269 2580 2378 de,
2611 2273 3171 2359 translatione
3200 2276 3480 2361 Theo-

678 2394 1054 2484 dotionis
1113 2395 1437 2483 addidit
1501 2456 1534 2504 ,
1626 2396 1715 2484 ἃ
1778 2400 2128 2513 signum
2214 2402 2505 2510 posuit
2566 2401 3063 2483 asteriscum
3129 2458 3162 2506 ,
3257 2399 3480 2490 idest

673 2524 1007 2611 stellam
1071 2549 1291 2634 quae
1357 2521 1587 2635 quod
1639 2524 1875 2636 prius
1922 2521 2521 2609 absconditum
2576 2521 3026 2609 videbatur
3071 2583 3103 2629 ,
3165 2525 3480 2613 illumi-

677 2668 834 2737 net
911 2647 999 2734 ἃ
1046 2653 1143 2734 in
1214 2647 1606 2733 medium
1668 2647 2040 2759 proferat
2076 2707 2100 2731 .
2167 2649 2338 2732 Ubi
2399 2667 2692 2734 autem
2723 2655 2820 2734 in
2855 2650 3248 2735 Hebraeo
3281 2680 3478 2740 non

672 2791 804 2861 est
837 2832 869 2878 ,
934 2778 1031 2859 in
1083 2770 1430 2860 Graecis
1490 2770 1921 2860 codicibus
1951 2778 2407 2862 invenitur
2440 2833 2473 2879 ,
2536 2773 2786 2877 ὄβελόν
2822 2833 2854 2879 ,
2913 2772 3133 2862 idest
3186 2780 3478 2888 jacen-

671 2918 858 2988 tem
912 2905 1402 3012 praeposuit
1462 2899 1881 3017 virgulam
1952 2959 1984 3005 ,
2064 2927 2328 3012 quam
2383 2927 2546 2984 nos
2613 2902 2931 2986 Latine
2993 2929 3209 2988 veru
3275 2932 3480 3017 pos-

669 3052 968 3115 sumus
1026 3022 1372 3130 dicere3
1438 3053 1615 3138 quo
1680 3022 2167 3110 ostenditur
2230 3023 2802 3142 jugulandum
2832 3052 3013 3110 esse
3043 3084 3078 3133 ,
3137 3028 3225 3114 ἃ
3256 3058 3478 3116 con-

670 3147 1183 3239 fodiendum
1219 3210 1251 3256 ,
1318 3149 1552 3264 quod
1605 3155 1702 3237 in
1764 3151 2284 3238 authenticis
2349 3153 2582 3236 libris
2675 3179 2864 3238 non
2951 3157 3411 3241 invenitur
3443 3189 3468 3241 ε

674 3302 895 3393 quae
958 3280 1203 3395 signa
1263 3275 1352 3364 ἃ
1406 3279 1502 3364 in
1565 3274 2096 3365 Graecorum
2123 3338 2155 3384 ,
2215 3278 2910 3392 Latinorumque
2941 3284 3479 3393 poematibus

672 3407 1261 3491 inveniuntur
1296 3460 1361 3508 „
1427 3462 1451 3486 .
1520 3401 1799 3490 Caute
1877 3403 2297 3519 Origenes
2378 3434 2602 3518 quae
2694 3433 2799 3492 ex
2884 3406 3481 3495 Theodotione

671 3525 1065 3616 addenda
1127 3556 1306 3615 esse
1392 3532 1910 3618 existimavit
1991 3532 2419 3615 asteriscis
2493 3531 2881 3617 distinxit
2949 3590 2981 3636 ,
3074 3560 3195 3618 ne
3271 3563 3480 3623 cum
3619 3528 3624 3534 ’

668 3655 961 3742 Textu
1015 3653 1772 3741 confunderentur
1837 3714 1866 3760 ,
1931 3684 2153 3766 quae
2222 3682 2431 3742 vero
2517 3659 2613 3739 in
2709 3674 2911 3738 Lxx.
2988 3681 3483 3772 comparate

669 3777 778 3868 ad
841 3780 1337 3868 Hebraeum
1390 3781 1765 3865 Textum
1825 3780 2425 3867 redundabant
2462 3840 2492 3884 ‚
2555 3808 2747 3874 ,non
2850 3778 3167 3868 delevit
3235 3843 3267 3889 ,
3330 3784 3481 3871 sed

674 3906 911 3996 obelo
979 3911 1253 3995 voluit
1316 3923 1507 3990 tran
1517 3906 1812 4023 sfigere
1848 3966 1871 3989 .
1939 3908 2284 3992 Praeter
2341 3925 2594 3990 notos
2664 3910 3103 3992 asteriscos
3135 3967 3166 4014 ,
3230 3937 3479 3995 com-

669 4057 1158 4145 munesque
1218 4031 1503 4116 obelos
1535 4089 1568 4137 ,
1626 4032 1994 4117 formam
2057 4035 2468 4116 habentes
2534 4037 2776 4145 quasi
2828 4058 3045 4120 veru
3094 4034 3257 4122 hoc
3291 4065 3476 4122 mo-

670 4157 785 4252 do
859 4170 941 4255 ·-2-·
978 4214 1011 4262 ,
1071 4161 1229 4244 alia
1292 4162 1534 4276 signa
1577 4153 1959 4244 adhibuit
2010 4156 2435 4273 Origenes
2473 4216 2504 4260 ,
2566 4160 2893 4242 scilicet
2940 4161 3477 4268 Lemniscos,

669 4283 758 4371 δι
819 4285 1499 4396 Hipolemniscos
1534 4342 1557 4365 .
1625 4281 2069 4369 Tradente
2125 4284 2565 4394 Hesychio
2633 4282 3013 4391 λημνίσκος
3092 4315 3255 4372 vox
3347 4308 3479 4380 est

672 4409 1207 4523 Syracusana
1234 4427 1686 4528 angustam
1711 4414 2019 4497 vittam
2053 4467 2085 4513 ,
2115 4435 2264 4491 seu
2296 4408 2648 4492 fasciam
2685 4406 3109 4494 denotans
3146 4469 3169 4493 .
3235 4412 3480 4500 Hinc

669 4537 926 4621 binae
981 4536 1346 4621 lineolae
1403 4529 1983 4620 orizontaliter
2017 4595 2046 4641 ,
2111 4537 2558 4646 spatioque
2592 4537 3086 4647 intercepto
3118 4535 3476 4645 ductae,

672 4659 1053 4747 adinstar
1093 4667 1362 4749 vittae
1407 4689 1615 4747 cum
1664 4659 1991 4746 duobus
2064 4664 2418 4773 punctis
2511 4687 2763 4773 supra
2799 4718 2829 4762 ‚
2893 4661 2980 4747 ἅ
3033 4663 3261 4746 infra
3326 4692 3481 4777 po·

671 4788 851 4870 sitis
923 4787 1190 4874 hocce
1279 4785 1543 4873 modo
1576 4819 1791 4869 -z-
1829 4847 1862 4894 ,
1921 4784 2152 4902 apud
2236 4804 2572 4872 veteres
2658 4788 3109 4901 scriptores
3169 4847 3200 4892 ‚
3268 4816 3476 4877 cum

654 4908 1118 5023 quidpiam
1187 4910 1785 4998 adnotandum
1845 4914 2177 4999 vellent
2236 4970 2267 5018 ,
2328 4933 2934 5000 usuvenerunt
2993 4972 3019 4998 .
3082 4913 3337 5029 Quod
3405 4920 3476 5002 si

672 5054 1116 5152 punctum
1179 5037 1626 5129 dumtaxat
1679 5039 1908 5125 infra
1956 5045 2329 5152 spatium
2396 5043 2984 5153 interceptum
3056 5043 3478 5160 appinge-

2317 5160 2404 5253 G
3341 5194 3479 5253 re-
