4913 6618
665 563 819 661 sed
866 568 1299 675 ωτιβόλὲν
1352 563 1577 658 idest
1604 569 1965 654 initium
1992 558 2558 653 fundamenti
2595 556 2705 653 ad
2754 587 2962 652 eum
3019 560 3324 653 retulit
3365 619 3498 669 „-

671 699 799 786 lta
863 703 1462 813 Hieronymus
1499 754 1532 802 ‚
1583 698 1743 807 qui
1800 694 2082 778 lih.1.
2137 688 2543 781 adversus
2598 692 3174 809 Jovinianum
3205 691 3497 779 simili·

663 845 803 916 ter
865 843 1246 914 tractans
1336 824 1630 910 locum
1713 820 1962 907 illum
2073 848 2150 902 1.
2217 814 2624 905 Corinth.
2691 844 2884 932 cap·
2917 838 3081 908 V11.
3152 845 3239 906 v.
3274 844 3431 938 35.
3463 873 3498 923 ,

668 957 765 1038 ἐκ
824 947 941 1040 ‘lm
999 946 1266 1072 βρόχον
1325 949 1486 1062 ὑμῖν
1549 945 2005 1051 ἔπιβαὶλλω·
2060 943 2269 1034 Non
2334 961 2438 1028 ut
2511 944 2919 1059 laqueum
2977 944 3223 1031 vobis
3279 945 3488 1057 ἰηῘὶκ

667 1077 955 1165 ciam.
1016 1074 1165 1163 sed
1225 1075 1314 1165 ἃ
1376 1079 1996 1219 proprietatem
2029 1129 2062 1177 ‚
2090 1074 2275 1174 ait,
2307 1067 2734 1159 Graecam
2787 1069 3157 1156 Latinus
3205 1094 3496 1157 sermo

669 1231 861 1292 non
929 1205 1347 1318 explicat.
1395 1204 1729 1317 Quibus
1797 1201 2043 1285 enim
2073 1199 2356 1285 verbis
2390 1255 2423 1303 ‚
2454 1224 2679 1310 quae
2699 1200 2975 1314 possit
3005 1192 3299 1283 dicere
3328 1193 3494 1284 διε.

672 1327 914 1423 unde
945 1331 1090 1420 8(
1065 1359 1162 1415 111
1197 1330 1538 1415 Latinis
1596 1324 2058 1413 Codicibus
2099 1325 2212 1411 ob
2250 1325 2834 1411 translationis
2889 1319 3498 1411 difficultatem

669 1456 837 1544 hoc
895 1460 1247 1572 penitus
1294 1482 1483 1540 non
1521 1456 1976 1540 invenitur
2011 1508 2078 1557 „
2113 1509 2138 1534 .
2198 1449 2796 1566 Amplissimas
2860 1450 3058 1537 alias
3088 1452 3493 1564 persequi

673 1610 864 1668 non
926 1601 1176 1671 vacat
1238 1609 1346 1667 ex
1399 1583 1745 1698 linguae
1794 1576 2050 1684 huius
2117 1582 2431 1688 peritia
2474 1580 2884 1664 utilitates
2924 1635 2954 1679 ,
3012 1603 3226 1688 quas
3257 1580 3496 1662 inter

669 1712 926 1797 obvia
986 1712 1131 1794 illa
1188 1725 1319 1792 est
1380 1704 1491 1792 de
1542 1699 2007 1792 commodo
2061 1728 2391 1791 errores
2455 1699 3034 1819 praecavendi
3092 1761 3127 1809 ‚
3190 1700 3333 1791 vel
3388 1725 3496 1787 ex

675 1839 1199 1949 scriptorum
1246 1834 1464 1921 vitio
1527 1890 1560 1938 ‚
1612 1831 1757 1918 vel
1816 1828 2472 1944 typothetarum
2524 1829 3137 1917 dormitatione
3202 1832 3500 1913 incur-

675 1965 1068 2047 rentium
1099 2016 1131 2065 ,
1195 1959 1335 2046 vel
1401 1956 1761 2045 demum
1814 1983 1922 2042 ex
1970 1955 2592 2074 amphibologia
2627 1959 2880 2042 latini
2919 1958 3344 2043 sermonis
3365 1951 3498 2039 fia·-

669 2072 835 2175 cile
894 2081 1486 2199 adoptandos.
1542 2085 2007 2196 Pet-peram
2046 2105 2259 2167 vero
2312 2081 2521 2170 hinc
2582 2085 3115 2169 exoticamm
3170 2081 3499 2196 lingua-

670 2240 873 2298 rum
906 2216 1309 2326 peritiam
1330 2210 1743 2296 nonnulli
1777 2206 1989 2293 adeo
2017 2207 2511 2314 exanimat,
2541 2228 2643 2296 ut
2686 2208 2971 2297 velint
3000 2212 3193 2297 viro
3219 2206 3504 2293 Theo-

669 2338 871 2456 logo
913 2338 1293 2421 absolute
1320 2394 1351 2440 ‚
1417 2335 1507 2423 ἃ
1567 2337 2081 2448 simpliciter
2137 2360 2322 2420 esse
2389 2338 2964 2423 necessariam
3006 2394 3028 2417 .
3085 2336 3209 2418 Hi
3238 2358 3501 2446 porro

676 2460 1538 2577 αλλόγλιυσσοφιλτιιτοι
1600 2479 1842 2547 certo
1889 2461 2210 2547 certius
2291 2481 2527 2549 extra
2572 2463 2945 2550 orbitam
3004 2475 3440 2578 vagantur
3470 2516 3500 2543 .

675 2589 786 2674 lis
842 2586 1154 2675 auditis
1214 2591 1705 2676 reverentia
1759 2613 1958 2703 erga
2026 2585 2533 2675 clarissimos
2592 2607 2792 2676 tum
2843 2592 3503 2692 recentiorum,

678 2742 888 2803 curn
948 2717 1447 2828 aequiorum
1502 2732 2007 2825 temporum
2052 2711 2535 2835 'I'heologos
2567 2781 2592 2820 ,
2659 2709 3078 2807 concidat
3141 2735 3501 2800 necesse

680 2861 876 2945 θεῖς
936 2845 1120 2927 imo
1170 2844 1432 2926 etiam
1498 2843 2147 2954 primitivorum
2198 2840 2556 2928 Patrum
2591 2898 2623 2949 ,
2693 2843 2849 2955 qui
2899 2839 3327 2928 Ecclesiae
3380 2837 3507 2923 lu·

682 2972 932 3054 mina
987 2966 1232 3055 filere
1265 3025 1296 3071 ‚
1356 2982 1824 3053 evanescet
1884 2983 2035 3055 aut
2090 2960 2199 3049 ad
2250 2973 2551 3054 minus
2605 2968 2886 3054 multo
2913 2967 3500 3053 imminuetur

682 3093 1149 3181 authoritas
1185 3153 1210 3176 .
1261 3091 1487 3178 Nam
1544 3096 1616 3177 si
1675 3089 1786 3178 de
1830 3092 2221 3179 Hebraea
2272 3093 2574 3214 lingua
2628 3092 2774 3180 fiat
2823 3117 3109 3180 sermo
3143 3150 3176 3199 ‚
3206 3091 3506 3203 inquit

683 3218 984 3308 Canus
1048 3218 1196 3305 lib.
1229 3238 1324 3301 11.
1378 3216 1488 3304 de
1534 3219 1697 3305 Lo.
1758 3217 2061 3306 Theol-
2121 3245 2313 3336 cap.
2341 3241 2535 3306 xm.
2614 3246 2722 3308 ex
2801 3215 3154 3312 Graecis
3215 3211 3502 3306 Doro-

681 3346 989 3434 theum
1021 3404 1054 3453 ‚
1100 3346 1584 3464 Origenem
1644 3407 1675 3454 ,
1718 3345 1843 3460 ιδι
1895 3347 2362 3436 Eusebium
2408 3350 2871 3436 Hebraicas
2935 3349 3259 3436 litteras
3335 3343 3506 3435 cal-

674 3473 933 3560 luisse
985 3471 1414 3592 legimus,
1384 3503 1411 3528 ·
1470 3498 1581 3558 ex
1638 3474 1982 3559 Latinis
2040 3493 2335 3561 mtem
2422 3497 2764 3588 praeter
2851 3472 3413 3563 Clementem
3467 3527 3506 3579 ‚
3530 3549 3548 3561 .

684 3597 777 3688 ἃ
830 3600 1483 3749 Hieronymum
1517 3656 1551 3704 ‚
1598 3603 1746 3688 vix
1810 3601 2266 3711 quisquam
2298 3601 2510 3686 alins
2542 3601 2967 3685 Hebraeas
2988 3603 3311 3686 litteras
3343 3623 3507 3683 no·

684 3729 819 3816 vit
852 3783 990 3832 „0
1077 3728 1255 3840 Qui
1323 3728 1591 3845 igitur
1682 3729 2211 3811 recentiores
2272 3726 2751 3844 'Iheologos
2832 3728 2945 3812 ob
3006 3727 3506 3845 linguarum

689 3854 1096 3966 peritiam
1140 3855 1716 3966 simpliciter,
1766 3849 1857 3939 δι
1914 3851 2162 3937 nullo
2212 3850 2717 3942 discrimine
2774 3854 3211 3941 veteribus
3264 3874 3509 3966 prae-

679 3976 1055 4080 ferunt3
1104 3993 1383 4091 atque
1446 3977 1874 4064 Ecclesiae
1898 3978 2192 4066 Patres
2221 3982 2488 4068 hacce
2516 3978 2628 4069 de
2663 4009 2758 4068 re
2790 3976 3447 4097 parvipendunt
3468 4033 3503 4084 ‚

697 4129 799 4189 ea
854 4108 1438 4190 statuminant
1471 4159 1503 4208 ,
1556 4129 1657 4189 ac
1716 4100 2185 4194 venditant
2217 4164 2250 4212 ‚
2316 4135 2541 4218 quae
2596 4109 3138 4195 Christianae
3199 4129 3447 4192 aures
3475 4163 3510 4219 ‚

692 4255 864 4316 nec
925 4229 1150 4314 ferre
1184 4284 1216 4333 ,
1286 4254 1455 4314 nec
1520 4234 1702 4341 pati
1765 4227 2091 4315 debent
2140 4295 2163 4318 .
2264 4230 2711 4318 Praeterea
2775 4260 2963 4319 non
3030 4239 3324 4318 statim
3383 4257 3509 4314 sa-

688 4378 877 4439 cras
946 4356 1269 4438 litteras
1325 4355 1829 4471 intelligunt
1856 4411 1888 4460 ,
1938 4359 2095 4467 qui
2126 4356 2549 4444 Hebraice
2574 4416 2608 4463 ‚
2669 4357 2757 4446 ἃ
2791 4355 3119 4445 Graece
3151 4360 3445 4444 sciunt
3474 4418 3506 4467 ‚

690 4477 847 4565 sed
900 4481 1265 4597 ingenio
1331 4506 1545 4593 opus
1604 4498 1802 4586 est,
1862 4477 1950 4566 ἃ
2001 4480 2390 4591 judicie,
2443 4483 2534 4570 ἃ
2592 4483 2775 4570 fere
2833 4479 3165 4568 assidua
3216 4483 3509 4568 lectio-

694 4631 874 4691 ne.
928 4625 1031 4690 ut
1089 4608 1282 4716 quis
1345 4622 1642 4689 autem
1712 4605 1761 4718 (
1814 4607 2048 4691 bene
2111 4611 2408 4693 scribit
2473 4608 2859 4697 Mericus
2943 4607 3508 4696 Casaubonus

689 4728 801 4812 Is.
860 4730 1018 4813 Pil.
1077 4734 1177 4815 in
1240 4734 1529 4877 priori
1569 4748 1814 4843 parte
1874 4728 2673 4821 Commentationis
2766 4733 2877 4821 de
2948 4734 3247 4854 lingua
3324 4735 3502 4819 He-

695 4852 989 4942 braica
1043 4848 1099 4972 )
1165 4857 1622 4970 perveniat
1654 4852 1763 4940 ad
1787 4883 1999 4940 eum
2060 4860 2683 4976 intelligentiae
2735 4858 3098 4980 gradum
3128 4917 3161 4964 ‚
3192 4862 3348 4973 qui
3378 4887 3509 4946 sa-

696 5005 897 5071 crae
928 4980 1181 5093 hujus
1206 4985 1620 5075 scientiae
1650 4979 1986 5138 doctori
2017 4989 2489 5079 conveniat
2544 5045 2583 5101 2
2648 4990 2991 5080 nullum
3022 5014 3211 5074 non
3247 4981 3473 5073 disc
3447 5017 3513 5069 1-

3348 5113 3524 5228 pli-
