4913 6618
3252 609 3291 665 1

633 743 805 805 nus
841 774 869 818 ‚
933 713 1348 802 concitati
1399 689 1927 824 Hieronymi
1981 734 2086 792 ex
2131 701 2383 795 fonte
2455 699 2854 792 Hebraeo
2940 609 3436 801 versione⁷11⁵1

626 844 1046 929 acerrime
1113 839 1647 951 impetebant
1679 894 1711 942 ,
1775 851 2035 947 atque
2076 831 2609 920 damnabant
2643 890 2668 917 .
2730 828 3076 944 Neque,
3119 849 3422 922 tamen

630 985 783 1053 aut
827 970 1122 1058 animo
1173 960 1557 1055 concidit
1587 1020 1621 1067 ,
1681 978 1831 1052 aut
1884 962 2043 1050 sibi
2103 958 2381 1054 defixit
2423 956 2934 1050 admirabilis
3015 956 3157 1044 ille
3249 983 3428 1076 φεμ·

626 1088 1059 1197 πονὸητρυ
1122 1089 1212 1175 S.
1246 1081 1570 1176 Doctor
1603 1142 1628 1172 .-
1664 1085 2123 1205 Apologias
2188 1088 2558 1176 retexuit
2620 1144 2654 1191 ,
2715 1086 3429 1172 obtrectatoribus

591 1216 1031 1302 ‘satisfecit
1056 1272 1087 1319 ‚
1150 1214 1399 1299 calun
1411 1216 1768 1326 uiasque
1816 1209 2029 1300 adeo
2087 1214 2618 1328 propulsavit
2648 1267 2682 1317 ,
2742 1226 2846 1295 ut
2904 1207 3091 1318 ejus
3142 1214 3426 1299 versio

624 1358 1083 1456 postquam
1148 1358 1501 1424 naturae
1552 1337 1943 1423 debitum
2002 1341 2525 1452 persolverat
2588 1394 2620 1442 ,
2681 1338 2947 1422 tacito
2997 1333 3425 1424 Ecclesiae

620 1464 792 1558 Dei
879 1491 1231 1549 assensu
1300 1522 1333 1567 ,
1425 1467 2027 1551 auctoritatem
2101 1461 2467 1551 'sensim
2591 1464 2974 1573 coeperit
3095 1467 3417 1554 nanci-

617 1593 743 1674 sci
781 1646 806 1673 .
866 1590 1054 1706 Jam
1111 1591 1228 1673 D.
1265 1585 1659 1706 Gregorii
1715 1587 1846 1673 Μ.
1925 1605 2202 1675 aetate
2294 1591 2391 1672 in
2461 1588 2865 1673 Romana
2951 1586 3327 1672 Ecclesia
3380 1642 3415 1693 ,

616 1717 983 1799 aliarum
1037 1714 1315 1799 libella
1345 1769 1377 1817 ,
1437 1709 1831 1799 eamdem
1890 1739 2096 1800 cum
2161 1712 2526 1829 Vulgata
2581 1730 2877 1802 vetere
2927 1712 3087 1795 sibi
3149 1709 3415 1799 fidem

615 1841 1125 1926 conciliarat
1156 1895 1188 1943 ,
1248 1857 1511 1949 prout
1563 1841 1661 1922 in
1724 1837 1909 1947 ejus
1953 1836 2061 1923 ad
2119 1838 2358 1926 Lean
2369 1835 2624 1925 drum
2689 1836 3062 1949 Epistola
3152 1833 3410 1921 adfir-

613 1984 908 2051 matur
940 2022 972 2070 ‚
1033 1989 1134 2048 ac
1197 1960 1557 2048 tandem
1611 1966 1886 2050 veteri
1983 1970 2272 2077 potuit
2347 1963 2838 2080 praevalere
2902 2019 2936 2068 ‚
3020 1986 3208 2046 non
3295 1964 3419 2047 ita

612 2086 1026 2200 quidem,
1086 2103 1191 2173 ut
1231 2086 1458 2188 hanc
1520 2088 1626 2171 ab
1681 2087 2253 2177 Ecclesiamm
2339 2116 2506 2174 usu
2608 2092 2967 2202 penitus
3026 2082 3416 2174 extrude-

610 2231 748 2296 ret
772 2269 804 2317 ,
864 2215 1095 2296 bene
1147 2239 1362 2298 vero
1411 2237 1641 2302 nova
1695 2211 2116 2324 quaedam
2179 2243 2289 2309 ex
2338 2233 2706 2327 utraque
2745 2228 3150 2302 contexta
3176 2269 3207 2316 ‚
3268 2212 3411 2297 vi·-

613 2333 927 2424 delicet
975 2362 1196 2448 quae
1249 2333 1500 2424 hodie
1555 2340 1895 2424 obtinet
1949 2337 2312 2459 Vulgata
2374 2398 2408 2447 ‚
2470 2340 2980 2428 coalesceret
3036 2391 3060 2417 .
3146 2335 3409 2422 Hanc

610 2481 1005 2547 renuunt
1087 2461 1627 2549 Novatorum
1717 2463 2105 2577 plerique
2169 2469 2721 2583 Hieronymo
2773 2467 2943 2551 ulla
3006 2490 3111 2549 ex
3162 2478 3412 2573 parte

609 2584 1087 2675 adscribere
1137 2643 1161 2668 .
1222 2583 1641 2673 Catholici
1730 2608 2139 2677 eccontra
2222 2597 2544 2707 partim
2608 2590 3025 2709 Vulgatae
3100 2587 3411 2672 obsole-

610 2725 751 2798 tae
786 2767 818 2818 ,
880 2715 1195 2825 partim
1255 2712 1797 2831 Hieronymo
1844 2771 1878 2821 ‚
1968 2720 2461 2832 partimque
2532 2716 3152 2804 Theodotionis
3214 2736 3405 2798 ver·

610 2839 840 2920 sioni
903 2834 1532 2925 accensendam
1615 2864 1797 2924 esse
1848 2863 2413 2959 propugnant
2466 2899 2493 2929 .
2584 2842 2710 2930 Ita
2798 2867 3059 2956 porro
3110 2835 3408 2923 Vene-

610 2962 893 3045 rabilis
961 3018 993 3064 ‚
1078 2957 1789 3076 doctissimusque
1852 2951 2330 3053 Cardi'nalis
2408 2969 2983 3053 Bellarminus
3040 3021 3072 3067 ‚
3155 2960 3406 3071 cujus

608 3087 986 3201 vestigiis
1050 3086 1611 3172 libentissime
1680 3086 2226 3178 inhaeremus
2277 3149 2302 3176 .
2363 3091 2899 3178 psalmorum
2983 3088 3197 3173 liber
3291 3111 3401 3171 ex

608 3206 970 3326 Vulgata
1019 3214 1296 3297 veteri
1355 3231 1746 3297 retentus
1807 3209 1973 3298 fixit
2036 3219 2131 3301 in
2211 3243 2441 3305 nova
2506 3275 2538 3324 ,
2599 3244 2722 3304 ne
2798 3216 3073 3301 inscia
3156 3210 3405 3328 plebs

605 3334 1071 3422 christiana
1136 3362 1440 3422 eorum
1500 3340 1991 3425 recitationi
2049 3361 2379 3429 assueta
2425 3343 3056 3430 mutationibus
3077 3397 3111 3446 ‚
3172 3362 3399 3451 quae

603 3461 1184 3547 occurrissent
1208 3519 1239 3565 ‚
1300 3464 1393 3544 in
1459 3459 1830 3548 deterius
1884 3488 2583 3556 commoveretur
2651 3526 2676 3553 .
2765 3466 2971 3554 Non
3032 3464 3399 3554 absimili

602 3581 869 3670 modo
930 3581 1136 3667 ferri
1224 3582 1644 3695 judicium
1735 3603 2023 3700 potest
2108 3589 2219 3677 de
2300 3595 2532 3679 libris
2589 3596 3018 3709 plerisque
3080 3646 3115 3697 ,
3174 3616 3399 3701 quos

588 3704 893 3823 Judaei
942 3734 1106 3794 ceu
1154 3709 1646 3797 Canonicos
1701 3740 1888 3797 non
1945 3713 2311 3803 habuere
2345 3774 2370 3801 .
2432 3717 2688 3804 Plura
2739 3738 3035 3804 tamen
3109 3713 3401 3800 afferri

599 3850 961 3944 possent
1004 3890 1038 3937 ‚
1104 3863 1324 3946 quae
1373 3861 1577 3922 cum
1642 3840 1737 3920 in
1802 3835 2163 3958 Vulgata
2247 3846 2525 3931 veteri
2614 3842 3301 3931 desiderarentur
3357 3894 3395 3947 ,

598 3958 698 4041 in
756 3953 1168 4044 hodierna
1261 3961 1501 4070 juxta
1584 3961 2107 4083 Hieronymi
2206 3971 2679 4057 lectionem
2743 3973 3302 4083 reperiuntur
3354 4016 3401 4070 5

596 4107 995 4193 quaeque
1077 4109 1283 4169 cum
1350 4086 1559 4170 olim
1623 4086 1870 4170 aliter
1926 4091 2427 4207 legerentur
2494 4150 2526 4197 ‚
2583 4112 2778 4210 post
2843 4089 3405 4208 exquisitissi-s

595 4231 782 4290 mas
851 4206 1036 4315 ejus
1082 4234 1330 4294 curas
1403 4208 1511 4293 ad
1592 4210 1958 4296 Hebraei
2040 4235 2326 4302 textus
2387 4222 3115 4336 significationem
3181 4228 3401 4299 sunt

598 4350 999 4417 revocata
1030 4394 1054 4419 .
1104 4333 1422 4420 Deerat
1472 4338 1566 4417 in
1636 4341 1909 4420 veteri
1955 4336 2322 4459 Vulgata
2385 4343 2600 4431 illud
2683 4343 2955 4430 Oseae
3032 4367 3226 4454 cap.
3263 4353 3403 4420 xl.-

593 4482 683 4542 v.
722 4482 810 4538 2.
867 4455 1015 4539 Ex
1075 4456 1486 4577 Aegypto
1559 4463 1874 4546 vocavi
1918 4464 2210 4572 filium
2278 4495 2563 4556 meum
2634 4500 2657 4553 ε
2726 4476 3116 4580 itemque
3172 4454 3391 4548 illud

597 4577 1047 4665 Zachariae
1103 4607 1292 4695 cap.
1324 4602 1480 4667 ΧΗ.
1548 4614 1636 4671 v.
1717 4615 1860 4671 ιο.
1945 4589 2382 4677 Videbunt
2446 4599 2540 4680 in
2602 4623 2859 4709 quem
2912 4590 3395 4697 ‘transfixe-

595 4723 808 4787 runt
843 4761 867 4786 .
933 4703 1425 4818 Utrumque
1483 4737 1692 4797 vero
1735 4709 1906 4797 fiiit
1959 4715 2049 4798 in
2117 4734 2411 4803 nostra
2441 4718 2808 4838 Vulgata
2839 4721 3335 4806 restitutum
3357 4762 3384 4792 .

599 4823 1085 4943 Legebatur
1141 4828 1466 4919 Genes.
1534 4859 1721 4946 cap.
1753 4854 1847 4919 11.
1937 4868 2026 4927 v.
2083 4868 2174 4926 2·
2210 4900 2244 4949 ‚
2296 4861 2399 4930 ut
2455 4847 2948 4959 exemplum
3014 4871 3122 4930 ex
3179 4841 3391 4925 alte-

593 4975 691 5035 ra
745 4952 1135 5041 locorum
1197 4957 1459 5045 classe
1513 4957 1995 5072 proferatur
2023 5019 2058 5072 ,
2093 4966 2572 5083 complevit
2632 4972 2901 5059 Deus.
2934 4974 3076 5060 die
3135 4979 3403 5052 sexto
