4913 6618
1429 555 1471 583 x
3227 545 3331 605 ω
3418 563 3426 574 .

602 665 803 750 rum
841 622 1317 771 regimen,
1355 643 2160 759 administravitque'
2223 655 2498 758 usque
2551 637 2662 729 ad
2712 661 3073 730 annum
3118 644 3409 762 ⁶32³,
3352 555 3403 640 ⁷

598 806 783 893 quo
845 777 1268 865 decessit.
1333 771 1716 859 Praefuit
1773 774 1919 858 illo
1985 776 2375 859 extincto
2433 769 2881 856 Saracenis
2907 769 3344 860 Ebnbezer
3368 829 3402 882 ,

600 928 873 1018 quem
929 917 1251 992 vocant
1300 891 1624 987 Arabes
1676 898 2235 985 Aboubecre.
2300 896 2375 980 Is
2436 895 2803 1009 Calipha
2853 893 3028 980 dici
3066 898 3343 986 voluit
3365 957 3401 1007 ,

598 1056 868 1141 quam
921 1053 1235 1119 vocem
1307 1031 1993 1141 interpretantur
2071 1025 2758 1141 Vicesgerentem
2820 1076 2844 1102 .
2908 1019 3401 1111 Ebuzebere

600 1151 825 1240 duce
871 1149 1304 1268 un'dique
1346 1149 1751 1238 Saraceni
1805 1150 2398 1267 grassabantur
2428 1204 2464 1253 ,
2525 1142 2675 1230 sed
2728 1145 2872 1230 illo
2926 1164 3127 1260 post
3147 1148 3409 1236 bien·

600 1282 859 1367 nium
887 1298 1298 1382 mortuo,
1351 1257 1885 1364 succedente
1920 1275 2365 1361 Haumctre
2397 1331 2431 1379 ,
2495 1271 2635 1360 vel
2664 1289 2765 1359 ut
2794 1273 3109 1382 ajunt,
3130 1272 3399 1362 Omm-

598 1425 1086 1521 coeperunt
1174 1403 1499 1513 majore
1585 1397 1876 1489 furore
1945 1399 2282 1487 bachari
2338 1457 2360 1482 .
2428 1395 2711 1484 Anno
2774 1400 2989 1516 634.
3053 1403 3400 1487 irruen-

598 1547 730 1650 tes
794 1537 891 1616 in
959 1529 1301 1646 Syriam
1331 1587 1359 1632 ‚
1421 1533 1901 1647 coegerunt
1950 1525 2450 1611 Heraclium
2484 1579 2516 1628 ,
2577 1526 2893 1606 amisso
2944 1526 3330 1612 exercitu
3360 1585 3398 1633 ,

601 1659 1149 1770 provinciam
1205 1652 1644 1741 deserere.
1709 1652 2283 1766 occuparunt
2342 1650 2741 1762 proximo
2801 1674 3043 1733 anno
3092 1650 3405 1739 Damas

601 1807 908 1869 scum.
969 1779 1249 1868 Anno
1318 1783 1537 1900 635.
1601 1780 2134 1896 Jerosolimas
2164 1770 2615 1860 obsidione
2646 1777 3170 1863 cinxerunt.
3232 1776 3397 1863 Po-

600 1911 743 1992 titi
804 1928 1015 1993 sunt
1069 1932 1311 1991 anno
1367 1905 1584 2022 638.
1650 1904 2172 1990 Antiochiae
2243 1933 2274 2004 ς
2369 1898 2458 1986 <31
2544 1904 3111 2011 insequente·
3155 1930 3405 1990 anno

604 2035 1131 2151 subegerunt
1195 2030 1976 2144 Mesopotamiam.
2039 2025 2410 2114 Devicto
2464 2025 2822 2140 insuper
2875 2039 3117 2112 anno
3179 2027 3398 2138 640.

597 2156 1058 2244 Hormisda
1089 2158 1561 2276 Jenleyircl
1627 2181 1828 2275 rege
1885 2155 2336 2238 Persarum
2402 2208 2432 2255 ‚
2449 2165 2869 2267 regnum
2922 2149 3133 2237 illud
3184 2158 3403 2240 uni-

599 2312 952 2372 versum
1019 2279 1422 2367 Saraceni
1477 2298 2104 2395 occuparunt·
2185 2273 2436 2362 unde
2499 2278 2607 2361 ab
2658 2276 2818 2363 hoc
2890 2303 3136 2361 anno
3190 2308 3403 2394 sup-

600 2412 887 2524 putari
951 2407 1165 2492 solet?
1218 2433 1632 2524 magnum
1667 2400 2174 2492 eorumdem
2209 2404 2896 2488 Saracenorum
2871 2408 3395 2517 1mperium.

596 2537 786 2622 Nec
846 2540 1086 2619 stetit
1148 2533 1275 2616 his
1328 2532 1739 2618 limitibus
1798 2529 2552 2643 circumscriptum
2611 2586 2636 2611 .
2732 2529 3161 2615 Universa
3222 2531 3397 2619 Ae·

598 2678 916 2779 gyptus
976 2655 1286 2745 eodem
1349 2684 1655 2766 anno,
1669 2651 2066 2742 subacta
2147 2657 2252 2741 ab
2315 2655 2751 2740 Haumare
2814 2652 3333 2744 Alexandria
3364 2718 3399 2767 ,

598 2788 1044 2871 Saracenis
1101 2784 1418 2888 cessit,
1475 2782 1564 2873 δι
1627 2786 2153 2897 amplissima
2185 2780 2715 2867 Bibliotheca
2741 2777 3334 2870 Alexandrina
3363 2843 3398 2892 ,

596 2908 738 3001 vel
800 2939 849 2995 a
887 2909 1417 3023 temporibus
1451 2911 1920 2995 Ptolomaei
1951 2902 2476 3052 Philadelphi
2498 2905 3126 3009 celeberrima,
3152 2905 3397 2994 flam-

472 3050 476 3054 ’
596 3040 763 3121 mis
819 3033 989 3119 fuit
1052 3048 1346 3121 vorata
1380 3092 1404 3116 .
1469 3035 1674 3120 Post
1726 3027 2264 3119 Haumarem
2319 3033 2786 3144 imperium
2835 3035 3129 3115 tenuit
3182 3032 3398 3119 Oth-

599 3186 812 3250 men
851 3219 883 3265 ‚
947 3163 1102 3274 qui
1156 3155 1434 3274 Cypri
1488 3157 1862 3247 insulam
1953 3163 2056 3242 in
2145 3179 2392 3240 suam
2474 3153 2804 3271 redegit
2880 3173 3397 3270 potestatem

600 3315 748 3372 an.
778 3286 1062 3394 648.;
1123 3279 1571 3401 Siciliam,
1634 3285 2030 3371 Ciliciam
2065 3341 2095 3387 ‚
2123 3281 2553 3400 Lyciam,
2585 3280 2973 3369 Africam
3028 3311 3398 3398 sequen·

596 3416 826 3497 tibus
862 3413 1122 3497 annis
1167 3431 1606 3497 vexarunt
1635 3410 2104 3497 Saraceni
2070 3465 2101 3513 ,
2163 3410 2343 3495 imo
2364 3419 2548 3495 tota'
2579 3406 2880 3494 Africa
2909 3415 3167 3522 potiti
3184 3430 3398 3501 sunt

594 3562 839 3625 anno
915 3541 1130 3650 690.
1172 3593 1203 3641 ,
1261 3563 1451 3631 non
1522 3536 1836 3661 absque
1879 3537 2146 3646 'culpa
2189 3537 2662 3653 Justiniani
2724 3535 2823 3617 ΙΙ.
2884 3540 3036 3647 qui
3081 3538 3400 3626 violato

598 3661 946 3750 foedere
1005 3682 1213 3747 cum
1270 3662 1429 3746 illis
1493 3664 1720 3747 inito
1750 3718 1781 3766 ‚
1841 3661 2161 3745 bellum
2225 3664 2679 3746 excitavit.
2704 3660 3039 3747 Paruit
3093 3660 3395 3791 Aegy-

485 3797 494 3803 '
595 3792 797 3903 ptus
856 3812 1303 3901 supremae
1365 3787 1527 3877 sibi
1589 3783 2272 3874 succedentium
2313 3786 2868 3898 Calipharum
2931 3793 3333 3901 potestati
3364 3852 3398 3901 ,

594 3908 1155 4027 quoadusque
1203 3938 1450 3997 anno
1517 3942 1734 4025 940.
1772 3970 1802 4017 ‚
1863 3910 2234 4030 Hegirae
2317 3938 2533 4029 329.
2564 3968 2598 4018 ,
2660 3912 2947 4025 plures
3004 3938 3399 4000 crearen-

595 4052 745 4123 tur
806 4034 1256 4151 Principes
1315 4035 1941 4123 Saracenorum
2003 4092 2037 4141 9
2099 4044 2477 4148 quorum
2538 4065 2773 4123 unus
2827 4032 3330 4175 Aegyptum
3361 4090 3397 4150 ‚

593 4162 684 4251 ἃ
739 4158 1077 4276 Syriam
1146 4164 1558 4280 regebat,
1619 4164 1831 4248 alter
1892 4158 2649 4274 Mesopotamiam
2675 4219 2709 4266 ‚
2758 4169 3068 4249 tertius
3129 4163 3397 4251 Persi·-

603 4276 866 4394 dem;
929 4280 1017 4373 81
1082 4290 1234 4400 qui
1295 4291 1391 4370 in
1454 4284 1751 4374 Africa
1781 4344 1810 4391 ,
1870 4307 2019 4372 aut
2041 4288 2460 4403 Hispania
2488 4302 3211 4399 permanserant,
3238 4286 3400 4375 du

601 4352 866 4499 cibus⁹
915 4414 1622 4526 obtemperabant
1681 4417 1857 4497 suis
1887 4467 1922 4516 a
1980 4434 2271 4527 spreto
2310 4412 2830 4500 Arvirorum
2856 4473 2887 4521 ‚
2944 4441 3103 4500 seu
3164 4413 3394 4501 Cali-

593 4542 970 4685 pharum
1028 4534 1478 4623 dominatu
1523 4601 1546 4623 .
1614 4538 1962 4626 Hermir·
2007 4543 2472 4626 vocabatur
2503 4595 2534 4642 ,
2598 4539 2754 4650 qui
2812 4541 2983 4624 suis
3012 4560 3403 4654 praeerat

591 4667 691 4748 in
759 4668 972 4748 urbe
1035 4664 1441 4784 Baffllnto
1478 4723 1509 4771 ,
1576 4688 1796 4778 quae
1855 4660 2026 4749 fuit
2057 4663 2685 4779 antiquioribus
2717 4658 3154 4754 Seleucia.
3208 4669 3400 4784 Qui

601 4815 814 4876 vero
839 4792 1437 4906 principatum
1479 4790 1874 4909 gerebat
1850 4814 1946 4873 in
1975 4788 2276 4879 Africa
2312 4851 2341 4897 ‚
2405 4787 2848 4875 dicebatur
2884 4792 3399 4879 Cnimhae'mn-

593 4912 789 4999 nlla
823 4972 855 5018 ‚
919 4912 1177 5027 quod
1202 4913 1435 5001 idem
1484 4933 1734 5000 sonat
1782 4913 2169 5001 Arabum
2229 4920 2593 5033 lingua,
2654 4943 2752 5002 ac
2806 4915 3074 5005 latina
3108 4974 3138 5023 9
3175 4918 3399 5004 Con

596 5040 976 5126 stitutus
1006 5038 1364 5154 jubente
1416 5043 1665 5130 Deo.
1730 5038 2177 5129 saladinus
2233 5040 2574 5132 saeculo
2644 5038 3169 5134 duodecimo
3250 5049 3402 5129 in-

3260 5174 3418 5256 Sti·
