4913 6618
625 615 846 710 tates
897 676 927 716 .,
1018 618 1365 702 utinam
1419 627 1638 697 eum·
1696 602 1993 728 audire
2035 600 2352 696 datum
2414 609 2719 699 fuisset
2775 670 2809 718 ,
2893 607 2983 700 &
3035 521 3370 702 erudi'ri¹
3392 518 3443 702 ⁵.

636 740 1377 837 Animadvertens
1425 741 1498 821 is
1546 735 1816 850 praef.
1887 763 2140 849 supra
2167 735 2553 825 laudatae
2608 767 2797 856 pag.
2826 755 3100 829 XLVII.
3137 741 3442 828 Mont-

634 875 1144 962 fiuconium
1177 925 1208 970 ‚
1266 860 1714 948 Didimum
1747 862 2193 949 Taurinen
2207 889 2387 946 sem
2423 923 2454 966 ‚
2482 864 3121 980 Mingarellium
3150 927 3176 969 ‚
3202 871 3441 958 alios.-

634 1027 809 1114 que
872 991 1248 1082 eruditos
1313 994 1408 1074 in
1470 986 1779 1075 ordine
1812 1048 1841 1091 ‚
1900 1016 1998 1074 ac
2052 989 2357 1071 litteris
2411 988 2829 1107 Aegyptii
2864 991 3285 1102 alphabeti
3315 999 3442 1079 in·

628 1145 770 1212 ter
821 1150 913 1208 se
966 1117 1451 1228 discrepare
1485 1174 1516 1219 ‚
1580 1110 1806 1199 istud
1868 1139 2114 1226 penu
2176 1140 2334 1198 suo
2393 1115 2481 1203 ἃ
2544 1120 2725 1228 ipse
2778 1118 3161 1202 exhibuit
3197 1174 3227 1219 ,
3296 1118 3442 1205 ad.

633 1246 1022 1361 diditque
1068 1274 1173 1331 ex
1236 1241 1657 1350 Boniurio
1710 1241 2073 1324 alterum
2137 1297 2168 1320 .
2263 1240 2634 1326 Constat
2692 1245 3071 1356 primum
3136 1248 3441 1330 litteris

631 1377 1348 1494 vigintiquinque
1382 1426 1415 1471 ‚
1442 1367 1529 1455 ἃ
1583 1363 1956 1451 includit
2017 1364 2394 1449 litteram
2490 1397 2554 1478 q
2614 1366 2656 1481 [
2716 1365 3105 1477 ejusdem
3187 1391 3441 1484 pote-

631 1504 869 1590 statis
926 1499 1164 1610 juxta
1226 1492 1696 1610 Georgium
1725 1551 1758 1596 ‚
1814 1491 1902 1578 ἅ
1967 1487 2422 1578 Nicolaum
2489 1494 2791 1578 Schow
2863 1523 2960 1578 ac
3049 1507 3122 1606 ψ
3180 1496 3227 1610 J
3294 1525 3439 1582 ca-

635 1643 944 1743 retque
1008 1623 1365 1731 ἔτεα-οἴμας
1429 1626 1590 1720 βαΰ
1623 1678 1652 1721 ,
1683 1617 1771 1704 ἃ
1803 1614 2083 1701 Χόππα
2114 1671 2145 1718 ,
2208 1621 2435 1702 notis
2470 1618 2799 1704 scilicet
2832 1623 3382 1712 arithmeticis
3411 1686 3441 1730 ‚

637 1751 749 1840 de
805 1747 1116 1865 quibus
1177 1746 1408 1833 infra
1462 1803 1489 1830 .
1585 1744 1915 1830 Institit
1979 1739 2394 1860 Georgius
2456 1801 2488 1848 ,
2576 1741 2787 1831 dum
2881 1745 3091 1837 haec
3158 1754 3444 1861 posuit

637 1882 991 1967 exaratis
1047 1903 1234 1994 pag.
1271 1889 1480 1963 va.
1517 1929 1550 1976 ‚
1612 1872 1760 1954 ubi
1816 1893 2025 1954 cum
2090 1864 2542 1954 Plutarcho
2596 1872 2741 1955 lib.
2811 1872 2920 1956 cle
2982 1874 3206 1963 Iside
3242 1933 3273 1980 ‚
3336 1875 3444 1967 ὅσ

633 2003 968 2092 Οςίνίᾰε
1028 2007 1124 2086 in
1196 2026 1570 2085 numero
1621 1998 2025 2108 quinario
2077 1991 2492 2105 quadrato
2579 1997 2622 2110 [
2682 2003 3149 2112 (miriquies
3206 2029 3443 2116 repe-2

629 2134 799 2219 tito
846 2126 889 2243 ]
937 2130 1330 2246 agnoscit
1393 2148 1862 2208 numerum
1924 2120 2408 2206 litterarum
2470 2119 3101 2239 Aegyptiarum
3161 2146 3373 2217 xxv.
3411 2183 3443 2234 ,

634 2251 872 2371 qu'od
931 2253 1019 2342 ἃ
1063 2279 1253 2368 pag.
1289 2269 1525 2339 var.
1600 2250 1915 2333 nititur
1981 2246 2415 2332 conficere
2503 2274 2609 2331 ex
2668 2253 2950 2335 littera
3007 2282 3070 2362 q
3138 2311 3169 2358 ,
3228 2253 3442 2339 adeo

633 2388 732 2467 in
797 2382 986 2491 ejus
1035 2380 1477 2463 sententia
1525 2370 2164 2490 Aegyptiorum
2225 2377 2569 2485 propria
2629 2434 2660 2481 ,
2723 2395 2845 2467 ut,
2889 2380 2983 2462 in
3057 2382 3438 2491 pluribus

638 2499 1192 2594 efformandi's
1248 2501 1680 2590 vocalibus
1737 2500 1924 2585 vim
2008 2502 2446 2615 genuinae
2511 2497 2896 2589 radicalis
2962 2508 3355 2592 obtineat
3412 2564 3441 2616 2

632 2631 925 2718 Nihilo
977 2647 1278 2716 tamen
1357 2631 1656 2712 minus
1742 2624 2258 2736 probabilius
2344 2624 2595 2709 nobis
2672 2625 3019 2714 videtur
3068 2627 3445 2717 Graeco·

632 2757 1169 2877 Aegyptium
1237 2750 1818 2866 Alphabetum
1865 2807 1900 2854 ,
1962 2769 2300 2862 praeter
2377 2777 2633 2863 supra
2697 2773 3033 2840 notatas
3098 2781 3245 2840 sex
3305 2757 3441 2844 lit-

632 2902 854 2970 teras
923 2879 1015 2994 ’ξς
1051 2940 1082 2986 ,
1149 2882 1241 2962 6
1265 2878 1448 2978 ἃς.
1506 2878 2187 2994 vigintiquatuor
2269 2892 2622 2961 tantum
2697 2880 3003 2964 litteris
3055 2909 3444 2994 compre·

634 3011 802 3096 hen
813 3008 901 3094 di
937 3065 960 3089 .
1026 3004 1530 3093 Plutarchus
1578 3005 1883 3114 utique
1937 3027 2145 3090 cum
2208 3001 2846 3117 Aegyptiorum
2936 3004 3443 3120 philosopho

634 3134 1226 3228 cherronensi
1285 3157 1758 3215 numerum
1814 3151 2113 3212 earum
2169 3131 2686 3245 vigesimum
2740 3135 3158 3243 quintum
3186 3159 3443 3250 agan
3484 3133 3507 3147 ”

637 3266 828 3349 vit:
873 3256 1041 3345 sed
1103 3253 1444 3369 irio-»iper
1502 3252 1769 3339 κόππα
1832 3259 2325 3367 exprimens
2407 3281 2882 3353 numerum
2947 3285 3443 3376 nonagena-

630 3388 864 3471 rium
922 3443 954 3488 ‚
1045 3410 1370 3495 nempe
1438 3410 1503 3489 q
1566 3383 1702 3468 vel
1763 3384 1859 3462 in
1926 3384 2282 3496 gratiam
2373 3386 2586 3466 sacri
2669 3380 2899 3497 apud
2962 3383 3444 3503 Aegyptios

636 3512 987 3598 numeri
1037 3536 1231 3594 mcv.
1270 3564 1303 3614 ,
1359 3527 1555 3593 tum
1619 3509 1732 3590 ob
1796 3532 2099 3592 eorum
2132 3506 2485 3619 cyclum
2518 3507 2881 3597 totidem
2914 3517 3170 3598 annis
3202 3540 3439 3598 com·-

634 3650 1034 3751 putatum
1059 3692 1090 3739 ‚
1150 3652 1348 3717 tum
1402 3635 1743 3718 ratione
1797 3661 1905 3716 an
1918 3658 2236 3716 norum
2273 3691 2303 3737 ,
2366 3656 2584 3743 quos
2652 3635 3145 3722 Sacerdotes
3213 3642 3445 3727 vitae

633 3763 956 3876 Apidis
983 3762 992 3769 ”
1015 3761 1513 3845 tribuebant
1547 3782 1582 3862 ,‘
1641 3761 1878 3843 inter
1930 3757 2252 3843 litteras
2290 3757 2735 3847 collocavit
2777 3794 2805 3865 3
2869 3765 3011 3851 vel
3044 3765 3306 3863 etiam
3338 3790 3446 3850 eo

634 3883 872 4003 quod
926 3902 1148 3970 esset
1184 3942 1213 3987 ‚
1275 3910 1485 3969 cum
1547 3884 2182 4001 significatione
2237 3881 2538 3968 eadem
2573 3942 2607 3989 ‚
2652 3886 3012 3973 dimidia
3057 3915 3251 4001 pars
3302 3889 3447 3976 lit-

617 4031 867 4127 terae
917 4012 1001 4114 tl>
1057 4068 1082 4094 .
1147 4009 1261 4095 Et
1307 4034 1522 4093 sane
1578 4006 1952 4126 Georgio
1990 4009 2326 4095 fatente
2381 4036 2574 4127 pag.
2651 4012 2926 4101 Praef.
2984 4006 3220 4105 itLvl.
3281 4012 3449 4102 Ae·

633 4142 1036 4259 gyptiaca
1094 4162 1160 4245 q
1226 4151 1766 4248 permutatur
1817 4162 2025 4220 cum
2059 4136 2134 4235 ᾧ
2203 4190 2226 4217 .
2294 4137 2641 4221 Frustra
2672 4140 2934 4256 igitur
2957 4199 2988 4246 ‚
3045 4140 3223 4249 jam
3255 4136 3449 4226 ado-

636 4254 875 4377 ptata
919 4267 1018 4347 in
1086 4258 1573 4373 Alphabeto
1635 4258 1914 4345 littera
1967 4262 2042 4361 tl>
2092 4316 2123 4363 ,
2185 4259 2407 4344 banc
2468 4263 2741 4372 ipsam
2797 4266 3385 4381 geminassent
3414 4323 3442 4355 0

635 4390 937 4474 Liceat
991 4389 1256 4503 igitur
1310 4386 1652 4499 opinari
1698 4383 2540 4501 Graeco-Aegyptios
2569 4444 2605 4490 ‚
2664 4387 3001 4501 ima-»iper
3040 4423 3308 4473 κοππα.
3378 4419 3443 4501 q

640 4517 746 4599 ab
791 4516 1049 4599 initio
1079 4566 1114 4615 ‚
1177 4536 1343 4597 ceu
1401 4529 1706 4595 notam
1771 4512 2406 4597 arithmeticam
2470 4538 2917 4626 usurpasse
2954 4574 2977 4599 .
3052 4511 3290 4601 Idem
3355 4514 3447 4623 84

641 4665 693 4724 e
753 4640 1191 4724 contrario
1252 4638 1666 4725 evenisse·
1726 4634 1960 4751 apud
2019 4637 2171 4721 hos
2224 4655 2772 4723 autumamus
2836 4644 3064 4727 circa
3128 4667 3443 4725 nume-

515 4872 538 4884 “
641 4758 909 4850 ralem
971 4779 1276 4850 notam
1372 4790 1436 4869 q
1493 4819 1530 4868 ,
1578 4784 1678 4846 ac
1745 4759 1982 4876 apud
2045 4757 2420 4848 Graecos
2485 4767 2717 4850 circa
2807 4764 3149 4878 ὄπισυὶμιν
3219 4769 3380 4867 βαῗῦ
3413 4816 3446 4872 ,

641 4910 974 5002 nempe
1029 4904 1338 4973 notam
1393 4888 1748 4973 numeri
1799 4891 2113 4972 senarii
2149 4946 2176 4991 ‚
2245 4885 2658 4987 videlieet,
2708 4928 2768 4986 2,-
2801 4948 2828 4974 .
2892 4894 3128 4983 Haec
3160 4946 3192 4994 ,
3251 4916 3440 4975 om-

642 5015 906 5101 nibus
969 5011 1442 5113 fatentibus
1468 5072 1504 5126 ,
1565 5012 1801 5099 inter
1853 5013 2376 5124 alphabetica
2438 5015 2875 5109 elementa
2910 5038 3095 5104 non
3154 5038 3444 5101 recen·-

1905 5172 1916 5185 ’
2146 5136 2218 5220 Ρ
2244 5163 2298 5220 2
3138 5156 3373 5223 setur
3408 5170 3433 5221 t
