4913 6618
603 600 799 685 ttici
869 654 900 703 ‚
963 594 1559 712 prophanique
1625 603 2081 710 scriptores
2151 651 2182 700 ‚
2245 596 2606 683 ubinam
2701 498 3417 714 septuaginitacllig

601 723 1127 836 Interpretes
1190 720 1707 809 Versionem
1772 725 2370 828 absolverint,
2433 750 2548 805 an
2586 727 2682 807 in
2722 724 3043 811 cellulis
3095 719 3347 816 divisi
3381 786 3436 837 ,‚

600 845 690 936 ἃ
744 870 1054 937 mutuo
1119 876 1581 967 congressu
1646 851 2052 963 prohibiti
2116 908 2146 953 ‚
2214 876 2383 935 nec
2440 874 2624 931 ne.
2592 842 2639 908 ‘⁴³
2685 846 3070 934 Inclusos
3149 848 3414 943 fuisse

606 975 984 1089 singulos
1053 974 1515 1063 Seniorum
1586 1033 1616 1078 ‚
1702 976 1835 1067 vel
1904 977 2211 1065 saltem
2270 966 2526 1061 binos
2591 971 2822 1088 apud
2878 973 3255 1061 Pharum
3312 983 3411 1065 in

601 1098 918 1187 cellulis
952 1157 985 1206 ‚
1044 1106 1451 1189 omnium
1508 1100 1863 1188 fortasse
1926 1106 2262 1218 primus
2311 1102 2651 1214 scripsit
2703 1105 2799 1185 in
2857 1104 3247 1188 oratione
3305 1103 3413 1190 ad

599 1220 935 1313 Gentes
980 1226 1485 1343 S.Just1nus
1522 1285 1553 1331 ‚
1616 1233 1770 1339 qui
1831 1226 1921 1314 ἅ
1974 1246 2129 1314 eas'
2177 1231 2542 1313 suismet
2592 1224 2904 1312 vidisse
2960 1226 3232 1315 oculis
3295 1246 3416 1316 te-

598 1369 872 1438 statur
932 1357 1408 1465 inquiens:
1476 1355 1717 1439 Haec
1788 1357 2030 1441 vobis
2105 1356 2269 1439 viri
2326 1350 2697 1456 Graeci,
2760 1379 2947 1439 non
3008 1372 3110 1439 ut
3168 1350 3412 1467 fabu-

598 1476 769 1565 lam
804 1537 835 1585 ‚
900 1505 1192 1591 neque
1272 1500 1374 1565 ut
1453 1479 1920 1565 confictam
1977 1482 2416 1569 historiam
2486 1484 3110 1567 renunciamus
3161 1508 3191 1582 ς
3257 1480 3407 1569 sed

599 1607 755 1715 qui
808 1609 972 1718 ipsi
1038 1603 1604 1692 Alexandriae
1666 1606 2082 1693 fuerimus
2148 1665 2179 1710 ‚
2241 1603 2329 1693 ἃ
2386 1611 2744 1724 vestigia
2824 1603 3407 1693 domuncula-

599 1758 799 1816 rum
853 1727 1083 1846 apud
1140 1732 1509 1819 Pharum
1540 1729 1816 1821 adhuc
1849 1733 2232 1847 reliqua,
2293 1729 2829 1821 viderimus:
2896 1732 3003 1817 ab
3034 1733 3341 1820 incolis
3375 1792 3410 1841 ‚

600 1860 751 1969 qui
798 1885 932 1942 res
990 1863 1303 1971 patrias
1367 1887 1417 1944 a
1475 1856 1954 1970 Maioribus
2009 1883 2169 1972 per
2198 1885 2511 1943 manus
2561 1862 2720 1943 sibi
2767 1856 3117 1948 traditas
3149 1887 3407 1947 acce-

593 2000 917 2097 perunt
946 2041 980 2087 ,
1011 1980 1498 2074 audivimus
1537 2041 1568 2090 ‚
1601 1988 2471 2073 commemoravimus
2500 1983 2665 2072 ἃς.
2706 2042 2770 2090 ,,
2806 1985 3248 2100 JustInum
3285 2013 3407 2072 se-

591 2114 891 2220 quitur
955 2110 1356 2198 Irenaeus
1393 2174 1423 2218 ‚
1455 2112 2041 2197 Tertullianus
2104 2172 2129 2208 ,
2192 2110 2606 2195 Clemens
2670 2109 3310 2198 Alexandrinus
3375 2172 3409 2218 ,

591 2233 969 2348 Cyrillus
1031 2237 1868 2354 Hierosolymitanus
1895 2298 1927 2343 ,
1991 2236 2524 2349 Epiphanius
2553 2295 2575 2319 .
2643 2234 2924 2321 Aliter
2956 2264 3165 2325 vero
3196 2239 3407 2324 Hie-

592 2364 944 2445 ronimo
991 2366 1277 2450 visum
1339 2383 1467 2449 est
1526 2368 1622 2446 in
1683 2365 1827 2447 lib.
1859 2385 1945 2452 11.
2007 2362 2411 2449 adversus
2459 2362 2890 2447 Rufinum
2920 2420 2950 2466 ‚
3010 2363 3096 2451 <31
3128 2364 3403 2449 Praefi

588 2488 685 2568 in
756 2484 1267 2573 Pentateuc.
1305 2481 1475 2576 sic
1513 2506 1909 2575 mentem
1971 2488 2156 2597 ejus
2210 2486 2682 2601 aperiendo
2747 2519 2768 2568 ε
2833 2489 3152 2575 Nescio
3212 2494 3407 2601 quis

587 2613 920 2723 primus
976 2635 1277 2699 auctor
1339 2618 1880 2733 septuaginta
1935 2616 2274 2722 cellulas
2339 2612 2912 2699 Alexandriae
2943 2614 3407 2702 mendacio

586 2762 744 2818 suo
812 2744 1334 2827 extruxerit:
1405 2743 1712 2853 quibus
1758 2739 2022 2853 ‘divisi
2071 2739 2375 2825 eadem
2431 2745 3000 2855 scriptitarint
3069 2774 3094 2825 ε
3197 2768 3407 2828 cum

583 2858 1015 2949 Aristaeas
1078 2865 1467 2976 ejusdem
1535 2866 2002 2950 Ptolomaei
2063 2863 2556 2980 ὁπερασπιςῗις
2618 2927 2648 2973 ,
2710 2866 2798 2955 ἃ
2846 2867 3126 2953 multo
3207 2884 3407 2979 post

583 3005 979 3101 tempore
1035 2991 1515 3107 Josephus‚
1578 2992 1796 3079 nihil
1853 2992 2022 3077 tale
2089 2994 2603 3079 retulerint.
2673 2991 2823 3077 sed
2888 2997 2985 3076 in
3050 3021 3230 3077 una
3264 2995 3403 3081 ba-

478 3193 489 3203 .
585 3113 821 3200 silica
882 3138 1513 3261 congregatos,
1577 3117 2047 3205 contulisse
2112 3122 2498 3205 scribant
2557 3178 2636 3243 ,
2652 3146 2840 3202 non
2912 3119 3402 3232 prophetas·

581 3265 725 3325 se.
792 3239 918 3325 Ita
976 3222 1631 3361 Hieronymus.
1690 3245 1885 3363 Jam
1941 3273 2152 3333 vero
2214 3244 2299 3330 S.
2361 3245 2460 3331 P.
2521 3245 3124 3362 Augustinum
3189 3272 3402 3334 con-

534 3368 962 3490 ‘sulamus
1030 3427 1054 3452 .
1143 3370 1222 3454 Is
1306 3390 1561 3457 tum
1587 3376 1686 3456 in
1752 3372 1900 3456 lib.
1940 3393 2029 3456 11.
2095 3369 2204 3458 de
2266 3367 2576 3462 Doctr.
2635 3373 2953 3459 Christ.
3013 3401 3203 3487 cap.
3243 3391 3396 3461 XV.

578 3514 774 3580 tum
824 3497 923 3578 in
993 3495 1138 3579 lib.
1177 3514 1435 3585 xvm.
1500 3493 1608 3583 de
1660 3495 1931 3585 civit.
1988 3496 2154 3582 Dei
2219 3525 2409 3609 cap.
2452 3517 2701 3582 xL111.
2774 3499 3206 3608 majorum
3270 3526 3401 3584 re-

575 3621 868 3708 ferens
922 3621 1317 3710 invicem
1370 3618 2238 3710 adversasdecellulis
2270 3628 2800 3735 opinioneS,
2863 3627 3401 3736 ancipitem,

576 3774 677 3833 ac
738 3741 1471 3833 modestissimum
1528 3775 1711 3847 sese
1761 3743 2050 3860 prodit
2121 3779 2150 3851 ;
2242 3767 2505 3862 atque
2573 3749 2784 3834 hinc
2848 3750 3406 3863 Hieronymo

577 3870 1173 3960 subscribendi
1232 3877 1779 3962 occasionem
1842 3876 2497 3964 nanciscimur:
2566 3875 2802 3960 Dum
2844 3893 3148 3962 tamen
3200 3876 3402 3964 huic

575 3995 902 4082 Sancto
955 4000 1318 4085 Doctori
1381 4003 1502 4085 sic
1560 3998 1822 4084 fidem
1879 3985 2427 4117 adjungimus
2482 4063 2512 4108 ,
2577 4029 2764 4086 non
2836 3998 3141 4092 eadem
3199 4028 3404 4116 per-

577 4126 1036 4235 spicuitate
1120 4152 1373 4211 mens
1455 4125 1638 4234 ejus
1722 4126 1974 4211 nobis
2032 4126 2415 4242 affulget·
2443 4186 2474 4232 ,
2536 4129 2687 4210 ubi
2749 4153 3034 4212 sermo
3098 4146 3227 4218 est
3293 4124 3404 4216 de

575 4250 990 4337 librorum
1065 4278 1443 4339 numero
1480 4312 1508 4357 ,
1574 4278 1789 4365 quos
1854 4257 2404 4367 septuaginta
2487 4252 3009 4336 transtulere
3078 4310 3101 4333 .
3198 4251 3406 4364 Nar·

575 4378 969 4461 rantibus
1027 4375 1423 4465 Aristaea
1457 4439 1488 4484 ‚
1550 4377 1638 4466 ἃ
1680 4377 2044 4495 Josepho
2088 4377 2366 4495 legem
2422 4407 2474 4462 a
2535 4376 2703 4461 Seu
2717 4378 3033 4468 ioribus
3065 4374 3401 4466 Graece

573 4500 834 4587 fiaisse
899 4501 1324 4588 redditam
1362 4567 1396 4611 ‚
1459 4523 1999 4620 postremum
2056 4503 2294 4589 hunc
2356 4500 2643 4590 laudat
2731 4504 3333 4617 Hieronymus
3371 4562 3402 4610 ,

575 4628 853 4714 veluti
905 4646 1434 4717 asserentem
1480 4629 2173 4716 Pentateuchum
2228 4626 2673 4718 dumtaxat
2703 4656 3054 4718 versum
3085 4630 3393 4716 fuisset

580 4749 721 4835 Sic
781 4761 1026 4843 enim
1080 4755 1335 4842 habet
1387 4763 1483 4842 in
1537 4758 1991 4842 Prooemio
2044 4758 2397 4869 Quaest.
2460 4757 2866 4844 Hebraic.
2925 4784 3182 4870 super
3225 4752 3403 4844 Ge-

576 4880 862 4965 nesim
906 4915 931 4966 =
1000 4879 1377 4968 Accedit
1435 4881 1543 4968 ad
1604 4884 1765 4967 hoc
1832 4909 2182 4994 quoque
2240 4943 2274 4989 ,
2374 4880 2611 4995 quod
2666 4879 3081 4998 Josephus
3147 4941 3182 4989 ‚
3245 4884 3401 4994 qui

574 5021 779 5092 LXX.
839 5006 1437 5122 Interpretum
1481 5013 1738 5123 ponit
1790 5010 2234 5097 historiam
2288 5069 2323 5118 ,
2388 5012 2784 5124 quinque
2848 5031 3208 5098 tantum
3288 5009 3399 5094 ab

924 5179 943 5190 -
3291 5155 3413 5217 eis
