4913 6618
1452 573 2053 761 {titutionibus
2080 731 2109 781 ‚
2172 689 2324 759 aut
2386 669 2711 792 legibus
2757 726 2788 779 ,
2848 699 3057 787 quas
3110 681 3392 761 morte
3449 675 3984 793 interceptus
4061 672 4275 766 ede-

1451 828 1550 886 re
1586 860 1619 906 ‚
1681 820 1830 887 aut
1893 824 2130 887 certe
2178 805 2276 886 in
2346 828 2683 887 morem
2718 859 2749 903 ‚
2811 828 3242 913 usumque
3307 798 3728 889 inducere
3830 830 4019 888 non
4107 833 4271 917 po-

1452 930 1625 1012 tuit
1655 986 1685 1031 ‚
1749 931 2143 1043 amplum
2194 925 2836 1015 successoribus
2892 933 3318 1040 aperuisse
3375 955 3786 1040 campum
3849 987 3879 1032 ‚
3943 948 4273 1016 rectam

1454 1053 1818 1140 vivendi
1884 1083 2288 1141 normam
2346 1058 2442 1138 in
2497 1072 2944 1167 posterum
3008 1051 3530 1137 ordinandi.
3563 1111 3587 1136 .
3619 1112 3641 1137 .
3700 1055 3825 1138 Ex
3858 1055 4044 1163 ejus
4077 1054 4273 1138 fon-

1452 1196 1545 1264 te
1609 1186 2245 1300 cogitationum
2281 1236 2310 1285 ,
2375 1184 2989 1291 rationumque
3025 1237 3056 1282 ‚
3117 1181 3392 1264 multa
3462 1178 3547 1262 S.
3620 1179 3998 1266 Concilii
4067 1180 4275 1265 Tri-

1456 1301 1810 1392 dentini
1873 1304 2218 1393 decreta
2284 1304 2842 1416 postmodum
2897 1299 3398 1417 profluxisse
3433 1362 3497 1411 ,9
3534 1363 3556 1388 .
3622 1306 3788 1391 Eos
3852 1309 4275 1419 insuper,

1457 1435 1615 1544 qui
1673 1432 2197 1518 Pontificem
2265 1430 2757 1517 Maximum
2847 1448 3498 1516 antecesserunt
3535 1489 3565 1534 ‚
3629 1435 3766 1518 vel
3832 1433 4275 1517 subsecuti

1456 1575 1669 1642 sunt
1704 1615 1736 1661 ,
1797 1559 2000 1642 alios
2024 1559 2431 1642 Romana
2463 1559 2851 1671 Purpura
2883 1556 3384 1641 clarissimos
3419 1615 3448 1660 ,
3511 1559 3714 1643 alios
3738 1556 4216 1642 Pontificiis
4242 1613 4276 1661 ,

1458 1683 1662 1768 alios
1730 1681 2028 1801 Regiis
2093 1684 2706 1800 Legationibus
2784 1679 3672 1770 commendatissimos
3729 1740 3760 1787 ,
3823 1684 4025 1765 alios
4092 1710 4273 1766 am-

1424 1807 1861 1920 plissimis
1918 1827 2213 1895 auctos
2268 1808 2835 1899 praefecturis
2897 1867 2928 1916 ,
3009 1814 3108 1893 ni
3163 1808 3387 1893 forte
3448 1834 3731 1894 sermo
3795 1811 4059 1892 nimis
4141 1835 4274 1891 ex·

1459 1953 1847 2020 curreret
1881 1993 1910 2039 ,
1972 1940 2392 2022 memoria
2415 1957 3054 2050 repeteremus;
3120 1937 3666 2048 potissimum
3693 1963 3902 2022 vero
3940 1931 4275 2021 adesset

1463 2062 2073 2178 integerrimus
2108 2120 2139 2168 ,
2200 2068 2623 2175 omnique
2671 2062 2947 2170 major
3001 2066 3405 2148 encomio
3458 2061 3969 2147 Franciscus
4033 2059 4121 2144 S.
4159 2061 4278 2146 R.

1457 2185 1556 2268 E·
1587 2186 1691 2271 C.
1731 2180 2032 2271 Carasa
2068 2240 2100 2289 ,
2134 2191 2284 2298 qui
2335 2187 2419 2270 S.
2456 2188 2563 2273 C.
2600 2189 3223 2300 Episcoporum
3260 2246 3287 2291 ,
3323 2184 3936 2299 ordinumque
3981 2189 4278 2306 Regu-

1457 2311 1769 2396 larium
1803 2366 1838 2417 ‚
1896 2327 2082 2398 tota
2134 2311 2366 2397 Urbe
2414 2312 2882 2426 plaudente
2941 2372 2971 2417 ‚
3058 2312 3612 2428 perfungitur
3663 2313 4211 2399 Praefectura
4246 2371 4274 2398 .

1389 2534 1398 2538 ,
1459 2437 1753 2550 Quem
1806 2467 2015 2525 vero
2081 2443 2550 2550 praeterire
2600 2442 2844 2552 γνώμη
2912 2459 3147 2526 vetat
3199 2497 3229 2543 ,
3292 2440 3403 2539 χρὴ
3468 2437 3889 2553 περικόψαι
3954 2496 3983 2540 ,
4047 2465 4281 2551 prae·-

1458 2567 2041 2649 stantissimus
2076 2565 2214 2650 ille
2246 2564 2715 2653 Moecenas
2750 2582 2877 2648 est
2912 2584 3206 2650 noster
3241 2620 3273 2670 ‚
3333 2564 3418 2649 ἅ
3442 2564 3784 2647 Praesul
3816 2563 4201 2673 ejusdem
4239 2622 4271 2669 ‚

1460 2714 1562 2773 ac
1616 2690 1924 2774 Paulus
1987 2686 2137 2775 IV.
2179 2748 2208 2792 ‚
2271 2704 2388 2785 τῆς
2440 2692 2770 2803 ευγενεῖας
2840 2750 2870 2794 ,
2959 2717 3398 2804 quemque
3466 2687 3614 2770 SS.
3684 2692 3792 2773 D.
3854 2690 3967 2773 N.
4029 2688 4273 2773 PIUS

1460 2810 1779 2901 PAPA
1831 2814 1974 2901 VI.
2047 2812 2394 2910 ποίνοθικος
2452 2822 2965 2904 meritorum
3021 2820 3202 2929 ejus
3269 2819 3746 2926 pensitator
3780 2871 3811 2918 ‚
3874 2815 3977 2900 ad
4033 2815 4279 2900 Prae·

1458 2938 1834 3027 fecturas
1890 2946 2108 3028 sacri
2161 2948 2547 3054 primum
2611 2943 3011 3029 Cubiculi
3040 3003 3068 3049 ‚
3131 2938 3684 3054 postmodum
3741 2941 4279 3054 Apostolica-

1458 3094 1660 3152 rum
1715 3066 2098 3153 Aedium
2152 3072 2495 3156 evexit:
2563 3069 3106 3172 Praesulem,
3170 3073 3534 3177 inquam
3566 3124 3595 3168 ,
3653 3073 4002 3152 cunctis
4047 3064 4282 3150 ordi-

1458 3193 1719 3278 nibus
1753 3251 1784 3298 ,
1849 3220 1946 3281 ac
2009 3199 2512 3305 praesertim
2566 3197 3029 3282 celsissimo
3100 3193 3782 3305 purpuratorum
3845 3193 3939 3276 P.
3962 3193 4058 3275 P.
4127 3192 4284 3277 Se-

1459 3324 1710 3407 natui
1766 3323 2464 3433 acceptissimum
2530 3322 2638 3407 D.
2667 3324 2778 3408 D.
2844 3324 3300 3407 Marinum
3371 3346 3474 3402 ex
3518 3317 3977 3406 Belviderii
4034 3320 4285 3403 Prin-

1458 3444 1797 3559 cipibus
1833 3504 1864 3551 ,
1926 3467 2029 3533 ut
2084 3474 2420 3536 novum
2483 3445 2940 3535 Carafaeae
2997 3446 3308 3535 Gentis
3374 3466 4000 3548 ornamentum
4063 3505 4093 3550 ‚
4159 3449 4282 3530 ita

1458 3573 1757 3658 lumen
1828 3570 1917 3658 ἃ
1989 3600 2249 3657 omen
2323 3576 3097 3688 auspicatissimum
3155 3630 3180 3656 .
3272 3565 3680 3655 Laudent
3771 3573 3862 3656 in
3970 3598 4076 3655 eo
4140 3573 4284 3655 alii

1456 3698 1845 3784 indolem
1921 3701 2319 3784 eximiam
2384 3755 2415 3803 ,
2507 3702 3064 3786 celerrimum
3158 3698 3623 3811 ingenium
3693 3754 3725 3800 ,
3811 3701 4286 3783 memoriae

1451 3821 2090 3911 firmitudinem
2149 3880 2180 3928 ,
2244 3822 2548 3934 judicii
2608 3824 3110 3912 felicitatem
3138 3884 3170 3930 ,
3233 3817 3827 3908 admirabilem
3923 3819 4283 3910 laudent

1452 3950 2159 4038 munificentiam
2193 4004 2225 4052 ,
2287 3975 2636 4034 auream
2690 3949 3328 4035 humanitatem
3362 4005 3392 4050 ‚
3457 3969 3838 4059 cumque
3870 3948 4282 4065 singulari

1454 4078 1961 4193 integritate
2026 4069 2373 4160 ἔπιάκεω
2430 4077 2498 4184 ‘a‘
2553 4071 2999 4161 οὓικαιοα-ύνην
3034 4134 3059 4160 .
3123 4067 3535 4159 Laudent
3600 4073 3783 4184 ejus
3842 4078 3938 4160 in
3994 4077 4283 4160 melio·-

1454 4228 1657 4286 rum
1711 4203 2026 4283 artium
2092 4253 2128 4301 ,
2221 4200 2675 4312 multoque
2738 4205 3004 4318 magis
3094 4206 3194 4285 in
3287 4199 3851 4287 scientiarum
3908 4202 4283 4293 cultores

1457 4322 1849 4442 wemno-iu
1889 4383 1912 4408 .
1976 4323 2176 4409 Duo
2232 4343 2676 4437 praeterea
2742 4317 2872 4431 in,
2907 4326 3307 4412 Praesule
3363 4351 3569 4410 vere
3626 4332 4185 4413 ornatissimo
4246 4382 4282 4434 ,

1455 4451 1544 4541 ἃ
1607 4477 1856 4564 saepe
1912 4452 2308 4563 experti,
2367 4450 2456 4539 ἃ
2522 4457 3160 4565 quammaxime
3214 4446 3605 4536 admirati
3671 4482 3965 4539 sumus
3995 4458 4279 4558 ,inae-

1457 4577 1881 4663 stimabile
1950 4577 2376 4662 nimirum
2438 4605 2638 4696 erga
2725 4606 3167 4677 summum
3258 4576 3443 4683 ejus
3522 4575 3891 4697 Evoegyirnv
3986 4579 4285 4665 PlUM

1450 4702 1977 4790 Pontificem
2038 4704 2258 4819 grati
2321 4708 2599 4788 animi
2654 4702 3048 4790 officium
3113 4761 3144 4808 ,
3237 4719 3500 4815 atque
3583 4732 3691 4788 ex
3770 4701 4285 4795 domestico-

1452 4827 1911 4915 Pontificia
1974 4831 2488 4914 oeconomia
2523 4886 2555 4935 ,
2617 4834 2745 4916 rei
2806 4825 3326 4918 consulendi
3375 4830 3767 4943 publicae
3803 4888 3833 4935 ‚
3892 4826 3981 4917 δι
4014 4847 4216 4917 vota
4241 4889 4277 4941 ,

1441 4953 1546 5042 ἃ
1598 4980 2059 5064 nunquam
2124 4956 2707 5040 intermissam
2772 4954 3450 5043 sollicitudinem
3495 5012 3518 5036 .
3616 4952 3780 5042 Ast
3832 4983 3882 5040 a
3940 4960 4279 5044 suavis-

1457 5083 1683 5170 simo
1737 5081 1986 5168 nobis
2050 5077 2563 5169 diverticulo
2590 5085 2689 5169 in
2723 5085 2958 5173 viam
2994 5142 3018 5166 .
3089 5079 3519 5171 Graecam
3564 5101 3752 5168 Lxx.
3787 5088 4282 5170 versionem

1848 5203 1856 5212 ’
4028 5235 4079 5292 a
4105 5208 4288 5294 lau·
