4913 6618
1471 529 1586 588 22

1471 649 1607 713 ret
1644 688 1673 735 ‚
1707 657 1885 744 quo
1951 622 2161 741 quid
2221 636 2560 742 turpius
2612 620 2854 712 dictu
2887 686 2920 734 ,
2956 623 3165 744 quid
3222 631 3611 714 insanius
3648 685 3714 734 ‚,
3779 625 3826 711 ’.ἒ
3881 629 4113 716 Huic
4146 656 4290 718 ve-

1470 783 1574 840 ro
1611 817 1639 860 ,
1674 760 2038 869 aliisque
2088 756 2550 841 Catholicis
2606 754 2958 840 eruditis
3022 755 3270 840 facile
3356 754 4024 843 concedendum
4093 786 4281 845 non

1476 901 1606 968 est
1670 886 2163 969 Hebraeum
2226 882 2608 968 Textum
2675 943 2707 988 ‚
2771 883 3302 995 Hieronymi
3371 904 3646 967 aetate
3696 943 3728 986 ‚
3809 883 4069 967 fuisse
4125 912 4284 969 au·-

1476 1011 1972 1097 thenticum
2013 1071 2033 1092 .
2065 1012 2307 1122 Quae
2337 1014 2736 1096 omnium
2775 1069 2802 1113 ‚
2836 1012 3125 1121 inquit
3156 1008 3507 1097 Ca.v111.
3547 1010 3652 1094 de
3684 1006 4280 1099 V.R.Cardin.

1478 1134 1727 1222 Gotti
1761 1197 1789 1240 ‚
1823 1137 2399 1223 Ecclesiarum
2455 1166 2617 1222 usu
2648 1156 2745 1219 tu
2760 1163 2867 1219 nc
2900 1139 3314 1247 temporis
3350 1137 4012 1221 consecrabatur
4037 1195 4067 1238 ‚
4108 1155 4291 1222 erat

1476 1261 1783 1348 Versio
1832 1282 2085 1349 Lxx:
2125 1265 2252 1348 Ex
2305 1267 2460 1349 hac
2526 1264 2801 1349 factae
2839 1262 3189 1345 fuerant
3217 1262 3859 1347 Translationes
3911 1264 4228 1348 latinae
4258 1293 4285 1346 ε

1481 1389 1688 1474 haec
1754 1395 1847 1474 in
1921 1394 2325 1505 omnlium
2408 1393 2807 1475 manibus
2895 1408 3074 1471 erat
3116 1446 3145 1491 ,
3201 1386 3511 1473 adeout
3568 1387 3919 1502 quando
3983 1389 4289 1473 Hiero·

1484 1544 1812 1630 nymus
1866 1515 2363 1600 EditIonem
2434 1545 2676 1601 suam
2742 1545 2847 1599 ex
2934 1516 3326 1599 Hebraeo
3414 1522 3883 1603 instituens
3958 1511 4292 1600 diversa

1482 1642 1868 1753 proferre
1929 1646 2215 1756 coepit
2252 1700 2282 1745 ‚
2313 1644 2593 1755 aliqua
2653 1647 2916 1726 etiam
2975 1639 3284 1723 addere
3344 1701 3372 1746 ‚
3440 1645 3578 1731 vel
3661 1641 4098 1726 detrahere
4186 1668 4292 1726 ex

1484 1768 1881 1852 Hebraeo
1944 1771 2046 1852 ab
2110 1769 2238 1851 his
2269 1829 2295 1872 ,
2332 1799 2552 1882 quae
2608 1769 2699 1850 in
2774 1764 3192 1851 Versione
3241 1786 3442 1850 Lxx.
3475 1830 3501 1872 ‚
3538 1771 3672 1857 vel
3704 1769 4067 1885 Vulgata
4093 1767 4290 1852 Itala

1490 1892 2056 2010 legebantur,
2090 1901 2508 1981 commoti
2561 1894 2801 1978 suere
2869 1921 3053 1975 non
3116 1901 3368 2006 pauci
3427 1880 4016 1983 Ecclesiarum'
4057 1894 4294 1978 Prae·-

1487 2025 1710 2105 sules
1748 2079 1778 2124 ‚
1812 2020 2046 2133 quod
2103 2042 2338 2106 certe
2411 2052 2594 2105 non
2668 2017 3106 2104 accidisset
3140 2080 3168 2123 ‚
3204 2025 3272 2103 si
3305 2024 3741 2107 Hebraeus
3772 2024 4101 2106 Textus
4136 2047 4294 2132 pro

1491 2148 2026 2233 Autlientico
2062 2167 2278 2231 tunc
2338 2149 2667 2232 habitus
2701 2147 2993 2230 fuisset
3031 2206 3052 2228 .
3120 2150 3364 2258 Quae
3421 2178 3945 2261 componere
3991 2147 4292 2235 volens

1493 2272 1577 2355 S.
1602 2271 2140 2389 Augustinus
2211 2273 2355 2356 lib.
2399 2294 2652 2362 xvm.
2717 2270 2824 2355 de
2874 2271 3135 2357 Civit.
3217 2274 3382 2357 Dei
3458 2304 3644 2388 cap.
3687 2304 3832 2393 43.
3874 2338 3898 2372 ,
3969 2272 4055 2357 Sc
4143 2302 4292 2380 44.

1490 2406 1831 2484 censuit
1868 2461 1895 2505 ‚
1925 2404 2355 2516 integram
2402 2403 2932 2514 Scripturam
2965 2400 3377 2486 Divinam
3403 2428 3583 2486 esse
3618 2397 4236 2485 desumendam
4263 2458 4292 2501 ‚

1497 2554 1684 2608 non
1750 2556 1854 2612 ex
1922 2528 2097 2610 solo
2150 2526 2438 2612 Textu
2493 2529 2884 2612 Hebraeo
2920 2584 2948 2627 ,
3012 2525 3156 2608 sed
3194 2554 3294 2610 ex
3329 2555 3432 2611 eo
3459 2588 3487 2630 ,
3521 2527 3606 2613 6<
3635 2528 4058 2612 Versione
4086 2542 4287 2608 Lxx.

1493 2654 1752 2734 simul
1810 2680 2191 2737 asserens
2247 2681 2402 2766 per
2455 2676 2867 2765 utrosque
2920 2653 3308 2735 locutum
3349 2652 3607 2738 fuisse
3672 2654 3756 2736 S.
3815 2654 4226 2763 Spiritum
4265 2710 4295 2755 ,

1493 2774 1582 2862 8(
1638 2798 2092 2891 utramque
2159 2805 2338 2862 esse
2406 2782 2936 2894 Scripturam
3002 2779 3415 2864 Divinam
3454 2839 3481 2883 ‚
3519 2809 3619 2863 ex
3669 2809 3839 2890 qua
3881 2781 4297 2889 utrinque

1496 2901 2221 3019 deprompserunt
2313 2911 2815 2993 testimonia
2904 2903 3290 2987 Christus
3357 2962 3386 3006 ‚
3453 2907 3540 2994 8(
3638 2904 4033 3017 Apostoli
4092 2961 4120 3006 ,
4182 2908 4301 2987 ita

1492 3057 1680 3143 cap.
1718 3051 1957 3123 XLIV.
2016 3034 2546 3118 concludens
2586 3064 2606 3113 z
2640 3030 2899 3115 Unde
2956 3033 3217 3115 etiam
3265 3056 3424 3146 ego
3458 3091 3487 3136 ,
3522 3057 3679 3144 pro
3738 3059 3937 3115 meo
3983 3027 4298 3113 modu-

1491 3156 1580 3238 lo
1614 3164 2024 3276 ‚vestigia
2082 3188 2455 3269 sequens
2529 3158 3141 3271 Apostolorum
3181 3217 3208 3261 ‚
3276 3161 3478 3267 quia
3531 3157 3618 3244 ἅ
3674 3160 3835 3269 ipsi
3884 3185 3983 3241 ex
4051 3161 4299 3239 utris-

1494 3311 1668 3395 que
1704 3344 1734 3389 ,
1768 3282 1990 3371 idest
2057 3314 2163 3369 ex
2217 3289 2626 3372 Hebraeis
2664 3346 2691 3390 ‚
2724 3284 2813 3371 81
2865 3289 3410 3401 septuaginta
3475 3298 4017 3397 posuerunt,
4071 3304 4298 3369 utra-

1492 3435 1667 3521 que
1710 3416 2219 3497 auctoritate
2282 3410 2718 3499 utendum
2775 3415 3128 3523 putavi,
3162 3415 3577 3522 quoniam
3630 3430 3992 3522 utraque
4057 3439 4237 3494 una
4268 3468 4298 3514 ‚

1494 3554 1754 3646 atque
1815 3543 2136 3626 Divina
2203 3560 2333 3625 est
2368 3600 2431 3646 ,9
2499 3599 2521 3622 .
2592 3538 2825 3623 Cum
2889 3541 3149 3652 igitur
3204 3556 3454 3640 tute,
3487 3564 3577 3620 se
3609 3540 3877 3621 unico
3907 3538 4301 3621 Hebraeo

1490 3663 1773 3746 Textu
1810 3726 1837 3770 ‚
1871 3670 2002 3749 uti
2061 3692 2246 3749 non
2307 3692 2555 3781 posse
2614 3682 3007 3749 censeret
3065 3661 3149 3743 S.
3175 3663 3270 3746 P.
3310 3662 3853 3779 Augustinus
3893 3722 3921 3767 ,
3988 3667 4303 3747 merito

1492 3785 1602 3872 de
1666 3794 2319 3879 authenticitate
2369 3792 2697 3877 Textus
2741 3791 3115 3873 Hebraei
3162 3847 3194 3895 ,
3252 3790 3780 3905 Hieronymi
3841 3811 4233 3902 tempore
4267 3845 4302 3896 ‚

1489 3915 1694 4000 licet
1758 3921 2224 4028 suspicari.

2729 4045 2811 4152 ς.
2937 4041 3049 4126 ν.

2080 4294 2215 4377 De
2276 4290 2626 4379 Canone
2674 4295 2949 4378 veteri
2980 4353 3012 4400 ,
3070 4289 3176 4382 <36
3239 4294 3644 4380 hodierno
3684 4352 3708 4377 .

1493 4430 2019 4660 Amplam
2090 4571 2340 4630 nunc
2407 4543 2951 4664 aggredimur
3008 4545 3114 4631 de
3139 4544 3494 4661 Judaico
3529 4549 3900 4633 Canone
3955 4545 4307 4658 provin-

1494 4677 1719 4757 ciam
1755 4732 1781 4775 ,
1816 4678 1959 4755 cui
2011 4672 2438 4756 nonnulla
2471 4678 2955 4758 statuimus
3020 4673 3649 4786 praemittenda
3690 4732 3711 4754 .
3781 4674 4307 4757 potestatem

1495 4797 1819 4882 fecerat
1876 4799 2158 4913 Cyrus
2225 4800 2673 4887 Persarum
2721 4800 2912 4885 Rex
2958 4800 3294 4918 Judaeis
3333 4861 3362 4905 ‚
3407 4821 3600 4916 post
3661 4816 3794 4881 tot
3845 4818 4314 4917 tantasque

1495 4952 1932 5038 perpessas
2000 4917 2521 5012 calamitates
2561 4931 2836 5033 ‚sicut
2881 4930 2975 5010 in
3044 4925 3374 5011 excidio
3430 4927 3842 5037 Templi,
3899 4929 4308 5036 urbisque

1490 5052 1959 5169 Jerusalem
2012 5051 2872 5141 Nabuchodonosoris
2939 5081 3198 5168 opera
3231 5111 3264 5161 ,
3315 5082 3411 5137 ac
3477 5056 3724 5141 Duce
3780 5050 4309 5141 Nabuzarda·

4121 5205 4243 5263 ne
4269 5234 4306 5283 ,
