4913 6618
3345 458 3402 515 Ι.

639 552 848 670 quia
903 555 1332 640 Dominus
1361 549 1765 669 reynavit
1798 577 1856 631 α
1888 550 2129 668 ligno
2166 603 2191 631 .
2259 548 2811 637 Postremum
2842 581 2899 636 a
2930 553 3170 678 ligno
3206 460 3480 645 nung-

633 684 731 768 in
781 681 1072 768 Bibliis
1129 674 1653 763 desideratur
1686 706 1715 776 ς
1754 671 2183 786 siquidem
2250 666 2625 758 habent.

1304 807 1596 1054 3¹2¹?
1665 879 1947 1048 mn}
2035 874 2371 1053 uma
2436 877 2788 1047 πήρᾳ

631 1130 915 1217 DIcite
982 1130 1074 1213 1⁶11
1117 1129 1588 1249 ¹qentihus:
1659 1131 2087 1216 Dominus
2148 1131 2557 1249 regnavit
2614 1160 2637 1211 ε
2721 1124 3157 1210 Neutrum
3245 1157 3452 1219 vero

632 1275 1021 1341 nostram
1057 1258 1373 1342 evertit
1403 1261 1934 1339 sententiam
1970 1318 1993 1340 .
2061 1257 2265 1338 Non
2296 1259 2681 1367 primum
2716 1282 2745 1354 ς
2781 1256 2877 1334 in
2938 1253 3450 1363 quibusdam

633 1379 1064 1494 siquidem
1116 1385 1479 1466 vetustis
1509 1381 1984 1465 Bibliorum
2009 1379 2531 1464 editionibus
2567 1379 2844 1495 legere
2881 1397 3009 1461 est
3062 1390 3192 1493 ΗΞ
3225 1441 3252 1485 ,
3287 1384 3450 1468 Fo-

636 1537 953 1621 derunt
991 1566 1014 1617 ·.·
1055 1536 1563 1620 observante
1619 1532 1836 1617 Rab.
1885 1536 2201 1650 Jacobo
2256 1534 2685 1617 Benhaim
2725 1564 2745 1615 ε
2786 1533 2989 1615 Non
3028 1531 3393 1617 alterum
3418 1591 3452 1642 ,

638 1657 1348 1774 quandoquidem
1401 1654 1607 1743 illud
1652 1688 1709 1742 a
1757 1660 1993 1776 ligno
2055 1658 2294 1744 deest
2350 1666 2443 1743 in
2496 1657 2920 1743 Versione
2964 1663 3453 1774 septuagin-

641 1806 726 1870 ta
790 1787 1027 1873 virali
1087 1846 1116 1889 ‚
1175 1781 1404 1895 quod
1461 1804 1979 1900 argumento
2030 1814 2214 1871 esse
2273 1803 2561 1899 potest
2623 1789 2719 1868 in
2795 1785 3185 1869 Hebraeo
3245 1813 3450 1896 quo-

639 1940 810 2024 que
865 1909 1190 1997 Codice
1242 1907 1609 1994 defuisse
1679 1968 1700 1990 .
1765 1910 2361 2023 Conqueritur
2414 1973 2443 2016 ‚
2494 1930 2596 1996 ut
2655 1914 3030 2027 ingenui
3088 1917 3352 1997 simus
3414 1970 3445 2019 ‚

625 2024 1017 2154 Justinus
1071 2036 1417 2148 Martyr
1472 2035 1578 2120 de
1636 2033 1971 2151 Judae1s
2043 2058 2468 2150 tanquam
2544 2040 3164 2151 scripturarum
3258 2066 3447 2122 cor·

633 2164 1127 2276 raptoribus
1165 2220 1194 2263 ‚
1228 2165 1338 2245 ob
1408 2164 1906 2247 mutilatum
1973 2165 2305 2248 celebre
2375 2191 2619 2245 nunc
2687 2166 3222 2247 recensitum
3293 2194 3446 2250 va-

633 2293 1049 2375 ticinium
1085 2345 1115 2389 ,
1145 2284 1233 2371 81
1257 2290 1597 2404 Justino
1630 2283 2200 2375 adhaeserunt
2228 2288 2784 2372 Tertulianus
2821 2345 2851 2388 ‚
2886 2285 3382 2401 Cyprianus
3418 2349 3449 2398 ‚

637 2416 952 2526 aliique
989 2471 1010 2493 .
1079 2413 1316 2498 Haec
1370 2442 1578 2501 vero
1636 2443 1686 2496 a
1731 2421 2173 2503 sententia
2250 2444 2412 2499 nos
2471 2420 2842 2499 minime
2895 2436 3259 2523 possunt
3311 2446 3452 2502 re·

636 2567 993 2626 movere
1028 2599 1050 2622 .
1107 2532 1497 2656 Justinus
1551 2567 1755 2651 prae
1812 2545 2209 2627 manibus
2298 2541 2592 2626 habuit
2671 2535 3092 2626 codicem
3173 2537 3449 2629 Grae-
3479 2542 3516 2561 N

635 2694 841 2753 cum
879 2725 908 2768 ‚
941 2671 1038 2750 in
1113 2694 1290 2775 quo
1339 2667 1728 2783 legebat:
1793 2670 2221 2753 Dominus
2282 2669 2695 2788 regnavit
2755 2728 2782 2772 ‚
2850 2692 3051 2751 curn
3115 2666 3448 2753 addita-

634 2812 943 2878 mento
974 2792 1343 2876 fortasse
1398 2795 1844 2908 marginali
1900 2823 1957 2875 a
2013 2797 2253 2912 ligno
2327 2851 2348 2873 .
2434 2792 2580 2876 Nil
2636 2790 3002 2906 proinde
3055 2801 3446 2903 mirum3

631 2922 705 3003 si
770 2915 980 3001 illud
1042 2947 1099 3002 a
1151 2919 1390 3036 Ii‘qno
1441 2975 1471 3022 ‚
1539 2912 1772 3029 quod
1849 2923 1946 3002 in
2015 2921 2409 3004 Hebraeo
2472 2919 2759 3004 Textu
2821 2945 3005 3000 non
3079 2930 3445 3036 reperie-

631 3045 778 3129 bat
804 3102 833 3147 ,
859 3041 1376 3162 Judaeorum
1424 3072 1687 3155 opera
1733 3052 2072 3158 putavit
2124 3048 2580 3130 abrasum<
2637 3043 2819 3128 Alii
2879 3071 3083 3131 vero
3145 3048 3447 3135 Patres

622 3171 969 3288 Justino
1026 3175 1432 3284 opinanti
1478 3171 1741 3259 fidem
1795 3171 2262 3281 adjunxere
2298 3228 2323 3256 .
2387 3173 2685 3259 Hocce
2747 3197 3261 3282 responsum
3342 3178 3451 3262 ab

637 3326 742 3383 eo
800 3300 1245 3383 roboratur
1270 3359 1295 3395 ,
1334 3297 1563 3407 quod
1622 3298 2059 3388 Catholica
2107 3301 2482 3387 Ecclesia
2516 3297 2624 3386 de
2656 3319 2985 3387 resecto
3028 3307 3451 3390 vaticinio

629 3426 948 3542 Justini
1001 3445 1394 3536 tempore
1449 3482 1478 3525 ‚
1541 3454 1640 3509 ac
1706 3443 1997 3537 postea
2044 3427 2741 3514 commonefacta
2805 3454 3265 3539 nunquam
3338 3427 3449 3517 de

631 3570 884 3635 tanto
932 3548 1319 3634 facinore
1384 3554 1966 3636 mussitaverit
2026 3612 2050 3637 .
2118 3553 2580 3638 Caeterum
2648 3583 2854 3641 cum
2909 3557 3004 3634 in
3066 3561 3449 3643 lectione

504 3755 509 3762 .
630 3676 1151 3763 Sanctorum
1211 3674 1567 3759 Patrum
1634 3685 1913 3764 notati
1974 3696 2453 3766 occurrunt
2483 3677 2783 3793 Judaei
2812 3739 2842 3783 ‚
2872 3703 3032 3762 ceu
3072 3679 3449 3793 Scriptu-

633 3833 928 3889 rarum
984 3801 1581 3912 depravatores
1609 3859 1641 3906 ,
1674 3833 1859 3889 non
1926 3805 2159 3890 illico
2207 3802 2316 3887 de
2361 3802 2646 3888 Textu
2703 3807 3093 3890 Hebraeo
3159 3793 3466 3891 corruss

631 3948 787 4043 pto
841 3932 987 4016 abs
1038 3930 1225 4018 veri
1282 3931 1670 4014 nominis
1727 3931 2135 4018 Hebraeis
2198 3929 2567 4047 intelligi
2658 3929 2984 4016 debent
3058 3990 3082 4015 .
3192 3931 3448 4020 Haud

633 4084 826 4141 raro
871 4060 1315 4170 impetunt
1377 4054 1786 4168 Aquilam
1822 4116 1852 4163 ‚
1883 4057 2572 4144 Theoclotionem
2613 4116 2641 4159 ,
2672 4057 2760 4145 ἅ
2826 4059 3447 4170 Symmachum

633 4179 1089 4296 Apostatas
1138 4177 1499 4296 Judaeos
1535 4243 1565 4287 ‚
1598 4187 1750 4295 qui
1800 4212 2102 4270 eorum
2185 4182 2536 4269 Graecis
2595 4182 3155 4272 Versionibus
3217 4186 3446 4272 Scri-

633 4328 925 4428 pturas
984 4311 1662 4424 coinquinarant
1708 4370 1729 4394 .
1797 4309 1921 4396 Ita
1964 4331 2161 4422 post
2220 4309 2648 4397 Venerab.
2724 4370 2754 4414 ‚
2806 4307 3472 4424 doctissimum-y

636 4465 811 4553 que
866 4439 1492 4523 Bellarminum
1550 4430 1603 4554 (
1672 4442 1967 4549 inquit
2039 4434 2523 4523 Bernardus
2589 4437 2868 4549 Lamy
2937 4444 3026 4524 in
3108 4438 3444 4553 Appar-

637 4566 826 4650 Bib.
879 4566 1024 4650 lib.
1063 4586 1155 4648 11.
1218 4592 1518 4676 cap.9.
1589 4567 1635 4676 )
1704 4594 1907 4650 cum
1966 4568 2049 4651 S.
2081 4566 2676 4681 Hieronymus
2738 4568 3035 4650 scribit
3125 4593 3216 4651 se
3294 4568 3447 4656 Bi-

637 4692 802 4776 blia
858 4698 1207 4778 vertisse
1244 4753 1274 4797 ‚
1309 4708 1406 4773 ut
1463 4718 1561 4775 ea
1601 4699 2101 4778 testimonia
2134 4751 2164 4796 ,
2200 4721 2420 4805 quae
2468 4723 2515 4775 a
2544 4691 2882 4808 Judaeis
2906 4696 3442 4806 praetermis·-

639 4844 729 4902 sa
786 4839 991 4903 sunt
1018 4882 1048 4927 ‚
1080 4822 1219 4910 vel
1281 4839 1682 4934 corrupta
1719 4878 1748 4922 ‚
1778 4825 1868 4902 in
1902 4820 2286 4905 medium
2322 4818 2739 4932 proferret
2773 4875 2803 4921 9
2835 4819 3242 4938 intelligit
3289 4823 3442 4905 hos

638 4948 1156 5058 interpretes
1195 5005 1219 5030 .
1279 4947 1669 5063 Iustinus
1720 4948 2060 5070 Mat-tyr
2092 4943 2682 5156 ,inCDialogo
2739 4971 2946 5032 cum
2992 4947 3441 5186 Triphcjne

2358 5100 2410 5155 2
3339 5099 3438 5154 u-
