<?xml version="1.0" encoding="UTF-8"?>
<!DOCTYPE html PUBLIC "-//W3C//DTD XHTML 1.0 Transitional//EN"
    "http://www.w3.org/TR/xhtml1/DTD/xhtml1-transitional.dtd">
<html xmlns="http://www.w3.org/1999/xhtml" xml:lang="en" lang="en">
 <head>
  <title>
</title>
<meta http-equiv="Content-Type" content="text/html;charset=utf-8" />
  <meta name='ocr-system' content='tesseract 3.04.00' />
  <meta name='ocr-capabilities' content='ocr_page ocr_carea ocr_par ocr_line ocrx_word'/>
</head>
<body>
  <div class='ocr_page' id='page_1' title='image "./deagiographiapr00caragoog_0056.png"; bbox 0 0 4913 6618; ppageno 0'>
   <div class='ocr_carea' id='block_1_1' title="bbox 1503 516 4302 730">
    <p class='ocr_par' dir='ltr' id='par_1_1' title="bbox 1503 516 4302 730">
     <span class='ocr_line' id='line_1_1' title="bbox 1503 516 4302 730; baseline 0 -30"><span class='ocrx_word' id='word_1_1' title='bbox 1503 516 2103 730; x_wconf 41' lang='lat' dir='ltr'><strong>4AAhgustinum</strong></span> <span class='ocrx_word' id='word_1_2' title='bbox 2165 612 2630 702; x_wconf 88' lang='lat' dir='ltr'><strong>Seniorum</strong></span> <span class='ocrx_word' id='word_1_3' title='bbox 2683 610 3202 704; x_wconf 78' lang='lat' dir='ltr'><strong>versionem</strong></span> <span class='ocrx_word' id='word_1_4' title='bbox 3256 638 3423 705; x_wconf 89' lang='lat' dir='ltr'><strong>ceu</strong></span> <span class='ocrx_word' id='word_1_5' title='bbox 3463 610 4050 701; x_wconf 82' lang='lat' dir='ltr'><strong>authenticam</strong></span> <span class='ocrx_word' id='word_1_6' title='bbox 4082 626 4302 701; x_wconf 83' lang='lat' dir='ltr'><strong>aeta-</strong></span> 
     </span>
    </p>
   </div>
   <div class='ocr_carea' id='block_1_2' title="bbox 1437 739 4336 4110">
    <p class='ocr_par' dir='ltr' id='par_1_2' title="bbox 1437 739 4336 4110">
     <span class='ocr_line' id='line_1_2' title="bbox 1500 739 4299 858; baseline 0.001 -35"><span class='ocrx_word' id='word_1_7' title='bbox 1500 756 1593 824; x_wconf 86' lang='lat' dir='ltr'><strong>te</strong></span> <span class='ocrx_word' id='word_1_8' title='bbox 1642 740 1825 849; x_wconf 87' lang='lat' dir='ltr'><strong>ejus</strong></span> <span class='ocrx_word' id='word_1_9' title='bbox 1886 746 2336 858; x_wconf 84' lang='lat' dir='ltr'><strong>agnovisse</strong></span> <span class='ocrx_word' id='word_1_10' title='bbox 2369 798 2401 847; x_wconf 82' lang='grc'><em>,</em></span> <span class='ocrx_word' id='word_1_11' title='bbox 2456 746 2617 827; x_wconf 89' lang='lat' dir='ltr'><strong>etsi</strong></span> <span class='ocrx_word' id='word_1_12' title='bbox 2675 742 2908 827; x_wconf 89' lang='lat' dir='ltr'><strong>illam</strong></span> <span class='ocrx_word' id='word_1_13' title='bbox 2970 739 3481 853; x_wconf 88' lang='lat' dir='ltr'><strong>Apostolicis</strong></span> <span class='ocrx_word' id='word_1_14' title='bbox 3554 742 3898 828; x_wconf 90' lang='lat' dir='ltr'><strong>calculis</strong></span> <span class='ocrx_word' id='word_1_15' title='bbox 3984 760 4299 827; x_wconf 81' lang='lat' dir='ltr'><strong>asserat</strong></span> 
     </span>
     <span class='ocr_line' id='line_1_3' title="bbox 1502 861 4296 979; baseline 0.001 -30"><span class='ocrx_word' id='word_1_16' title='bbox 1502 861 2059 977; x_wconf 84' lang='lat' dir='ltr'><strong>adprobatam</strong></span> <span class='ocrx_word' id='word_1_17' title='bbox 2098 928 2128 974; x_wconf 81' lang='grc'><em>,</em></span> <span class='ocrx_word' id='word_1_18' title='bbox 2197 895 2301 951; x_wconf 83' lang='lat' dir='ltr'><strong>ex</strong></span> <span class='ocrx_word' id='word_1_19' title='bbox 2351 869 2727 979; x_wconf 90' lang='lat' dir='ltr'><strong>epistolis</strong></span> <span class='ocrx_word' id='word_1_20' title='bbox 2776 896 2826 950; x_wconf 89' lang='lat' dir='ltr'><strong>a</strong></span> <span class='ocrx_word' id='word_1_21' title='bbox 2886 864 2969 948; x_wconf 87' lang='lat' dir='ltr'><strong>S.</strong></span> <span class='ocrx_word' id='word_1_22' title='bbox 3004 866 3381 954; x_wconf 88' lang='lat' dir='ltr'><strong>Doctore</strong></span> <span class='ocrx_word' id='word_1_23' title='bbox 3428 871 3688 953; x_wconf 88' lang='lat' dir='ltr'><strong>hacce</strong></span> <span class='ocrx_word' id='word_1_24' title='bbox 3742 894 3997 979; x_wconf 89' lang='lat' dir='ltr'><strong>super</strong></span> <span class='ocrx_word' id='word_1_25' title='bbox 4057 893 4154 950; x_wconf 88' lang='lat' dir='ltr'><strong>re</strong></span> <span class='ocrx_word' id='word_1_26' title='bbox 4186 862 4296 951; x_wconf 85' lang='lat' dir='ltr'><strong>ad</strong></span> 
     </span>
     <span class='ocr_line' id='line_1_4' title="bbox 1493 989 4295 1106; baseline 0.001 -29"><span class='ocrx_word' id='word_1_27' title='bbox 1493 990 2148 1106; x_wconf 87' lang='lat' dir='ltr'>Hieronymum</span> <span class='ocrx_word' id='word_1_28' title='bbox 2212 989 2428 1078; x_wconf 87' lang='lat' dir='ltr'><strong>datis</strong></span> <span class='ocrx_word' id='word_1_29' title='bbox 2463 1052 2496 1098; x_wconf 86' lang='lat'>‚</span> <span class='ocrx_word' id='word_1_30' title='bbox 2550 1018 2739 1077; x_wconf 90' lang='lat' dir='ltr'><strong>non</strong></span> <span class='ocrx_word' id='word_1_31' title='bbox 2807 997 3241 1098; x_wconf 84' lang='lat' dir='ltr'><strong>evincitur</strong></span> <span class='ocrx_word' id='word_1_32' title='bbox 3276 1026 3301 1077; x_wconf 70' lang='grc' dir='ltr'><strong><em>ε</em></strong></span> <span class='ocrx_word' id='word_1_33' title='bbox 3369 996 3467 1077; x_wconf 90' lang='lat' dir='ltr'><strong>in</strong></span> <span class='ocrx_word' id='word_1_34' title='bbox 3524 994 3654 1079; x_wconf 86' lang='lat' dir='ltr'><strong>his</strong></span> <span class='ocrx_word' id='word_1_35' title='bbox 3699 1000 3947 1078; x_wconf 89' lang='lat' dir='ltr'><strong>enim</strong></span> <span class='ocrx_word' id='word_1_36' title='bbox 3977 1048 4009 1097; x_wconf 83' lang='lat'><strong>,</strong></span> <span class='ocrx_word' id='word_1_37' title='bbox 4042 1016 4295 1079; x_wconf 86' lang='lat' dir='ltr'><strong>nunc</strong></span> 
     </span>
     <span class='ocr_line' id='line_1_5' title="bbox 1496 1116 4289 1222; baseline 0.001 -22"><span class='ocrx_word' id='word_1_38' title='bbox 1496 1134 1770 1200; x_wconf 82' lang='lat' dir='ltr'><strong>Lxxn.</strong></span> <span class='ocrx_word' id='word_1_39' title='bbox 1803 1175 1833 1221; x_wconf 84' lang='lat'><strong>,</strong></span> <span class='ocrx_word' id='word_1_40' title='bbox 1897 1116 1985 1205; x_wconf 73' lang='grc' dir='ltr'>ἃ</span> <span class='ocrx_word' id='word_1_41' title='bbox 2049 1135 2411 1202; x_wconf 74' lang='lat' dir='ltr'><strong>LXXXIII.</strong></span> <span class='ocrx_word' id='word_1_42' title='bbox 2453 1176 2484 1222; x_wconf 81' lang='grc'><strong>,</strong></span> <span class='ocrx_word' id='word_1_43' title='bbox 2537 1116 3292 1203; x_wconf 84' lang='lat' dir='ltr'><strong>intermittendam</strong></span> <span class='ocrx_word' id='word_1_44' title='bbox 3375 1146 3562 1203; x_wconf 90' lang='lat' dir='ltr'><strong>non</strong></span> <span class='ocrx_word' id='word_1_45' title='bbox 3625 1144 3806 1202; x_wconf 88' lang='lat' dir='ltr'><strong>esse</strong></span> <span class='ocrx_word' id='word_1_46' title='bbox 3880 1117 4106 1202; x_wconf 83' lang='lat' dir='ltr'><strong>illius</strong></span> <span class='ocrx_word' id='word_1_47' title='bbox 4184 1120 4289 1202; x_wconf 85' lang='lat' dir='ltr'><strong>in</strong></span> 
     </span>
     <span class='ocr_line' id='line_1_6' title="bbox 1492 1241 4291 1357; baseline 0 -30"><span class='ocrx_word' id='word_1_48' title='bbox 1492 1242 1888 1329; x_wconf 92' lang='lat' dir='ltr'><strong>Ecclesiis</strong></span> <span class='ocrx_word' id='word_1_49' title='bbox 1952 1244 2420 1329; x_wconf 89' lang='lat' dir='ltr'><strong>lectionem</strong></span> <span class='ocrx_word' id='word_1_50' title='bbox 2476 1243 2857 1328; x_wconf 88' lang='lat' dir='ltr'><strong>inculcat</strong></span> <span class='ocrx_word' id='word_1_51' title='bbox 2890 1301 2923 1346; x_wconf 85' lang='lat'>‚</span> <span class='ocrx_word' id='word_1_52' title='bbox 2985 1261 3439 1355; x_wconf 88' lang='lat' dir='ltr'><strong>propterea</strong></span> <span class='ocrx_word' id='word_1_53' title='bbox 3487 1241 3720 1357; x_wconf 88' lang='lat' dir='ltr'><strong>quod</strong></span> <span class='ocrx_word' id='word_1_54' title='bbox 3753 1301 3784 1346; x_wconf 88' lang='lat'>‚</span> <span class='ocrx_word' id='word_1_55' title='bbox 3832 1245 4291 1328; x_wconf 82' lang='lat' dir='ltr'><strong>substituta</strong></span> 
     </span>
     <span class='ocr_line' id='line_1_7' title="bbox 1488 1366 4289 1486; baseline 0.001 -34"><span class='ocrx_word' id='word_1_56' title='bbox 1488 1366 2015 1481; x_wconf 86' lang='lat' dir='ltr'><strong>Hieronymi</strong></span> <span class='ocrx_word' id='word_1_57' title='bbox 2082 1397 2185 1452; x_wconf 85' lang='lat' dir='ltr'><strong>ex</strong></span> <span class='ocrx_word' id='word_1_58' title='bbox 2248 1368 2643 1452; x_wconf 85' lang='lat' dir='ltr'><strong>Hebraeo</strong></span> <span class='ocrx_word' id='word_1_59' title='bbox 2689 1373 3415 1481; x_wconf 88' lang='lat' dir='ltr'><strong>interpretatione</strong></span> <span class='ocrx_word' id='word_1_60' title='bbox 3467 1428 3498 1473; x_wconf 88' lang='lat'>‚</span> <span class='ocrx_word' id='word_1_61' title='bbox 3554 1393 3873 1486; x_wconf 84' lang='lat' dir='ltr'><strong>magno</strong></span> <span class='ocrx_word' id='word_1_62' title='bbox 3936 1368 4289 1454; x_wconf 86' lang='lat' dir='ltr'><strong>fortasse</strong></span> 
     </span>
     <span class='ocr_line' id='line_1_8' title="bbox 1484 1490 4287 1606; baseline 0.001 -30"><span class='ocrx_word' id='word_1_63' title='bbox 1484 1490 1888 1579; x_wconf 85' lang='lat' dir='ltr'><strong>scandalo</strong></span> <span class='ocrx_word' id='word_1_64' title='bbox 1954 1495 2491 1606; x_wconf 87' lang='lat' dir='ltr'><strong>perturbatae</strong></span> <span class='ocrx_word' id='word_1_65' title='bbox 2540 1492 2910 1578; x_wconf 67' lang='lat' dir='ltr'><strong>fiiissent</strong></span> <span class='ocrx_word' id='word_1_66' title='bbox 2971 1495 3286 1606; x_wconf 84' lang='lat' dir='ltr'><strong>plebes</strong></span> <span class='ocrx_word' id='word_1_67' title='bbox 3317 1495 3697 1595; x_wconf 84' lang='lat' dir='ltr'><strong>Christi,</strong></span> <span class='ocrx_word' id='word_1_68' title='bbox 3759 1520 4124 1606; x_wconf 89' lang='lat' dir='ltr'><strong>quarum</strong></span> <span class='ocrx_word' id='word_1_69' title='bbox 4145 1521 4287 1578; x_wconf 89' lang='lat' dir='ltr'><strong>au-</strong></span> 
     </span>
     <span class='ocr_line' id='line_1_9' title="bbox 1485 1614 4284 1732; baseline 0.001 -31"><span class='ocrx_word' id='word_1_70' title='bbox 1485 1646 1622 1703; x_wconf 90' lang='lat' dir='ltr'><strong>res</strong></span> <span class='ocrx_word' id='word_1_71' title='bbox 1651 1677 1680 1722; x_wconf 88' lang='lat'>‚</span> <span class='ocrx_word' id='word_1_72' title='bbox 1741 1617 1829 1705; x_wconf 78' lang='lat'><strong>81</strong></span> <span class='ocrx_word' id='word_1_73' title='bbox 1881 1617 2136 1707; x_wconf 88' lang='lat' dir='ltr'><strong>corda</strong></span> <span class='ocrx_word' id='word_1_74' title='bbox 2201 1623 2575 1732; x_wconf 89' lang='lat' dir='ltr'><strong>primam</strong></span> <span class='ocrx_word' id='word_1_75' title='bbox 2629 1622 3285 1731; x_wconf 87' lang='lat' dir='ltr'><strong>interpretation</strong></span> <span class='ocrx_word' id='word_1_76' title='bbox 3296 1646 3437 1703; x_wconf 91' lang='lat' dir='ltr'><strong>em</strong></span> <span class='ocrx_word' id='word_1_77' title='bbox 3491 1614 3783 1703; x_wconf 87' lang='lat' dir='ltr'><strong>audire</strong></span> <span class='ocrx_word' id='word_1_78' title='bbox 3815 1644 4284 1706; x_wconf 85' lang='lat' dir='ltr'><strong>consueve-</strong></span> 
     </span>
     <span class='ocr_line' id='line_1_10' title="bbox 1482 1741 4282 1855; baseline 0 -29"><span class='ocrx_word' id='word_1_79' title='bbox 1482 1762 1687 1831; x_wconf 88' lang='lat' dir='ltr'><strong>rant</strong></span> <span class='ocrx_word' id='word_1_80' title='bbox 1714 1802 1735 1826; x_wconf 96' lang='lat'><strong>.</strong></span> <span class='ocrx_word' id='word_1_81' title='bbox 1797 1744 2160 1829; x_wconf 80' lang='lat' dir='ltr'><strong>InterIm</strong></span> <span class='ocrx_word' id='word_1_82' title='bbox 2213 1772 2423 1830; x_wconf 90' lang='lat' dir='ltr'><strong>vero</strong></span> <span class='ocrx_word' id='word_1_83' title='bbox 2484 1770 2890 1830; x_wconf 88' lang='lat' dir='ltr'><strong>cavemus</strong></span> <span class='ocrx_word' id='word_1_84' title='bbox 2917 1801 2948 1849; x_wconf 87' lang='lat'><strong>,</strong></span> <span class='ocrx_word' id='word_1_85' title='bbox 3017 1774 3140 1832; x_wconf 90' lang='lat' dir='ltr'><strong>ne</strong></span> <span class='ocrx_word' id='word_1_86' title='bbox 3183 1746 3348 1828; x_wconf 90' lang='lat' dir='ltr'><strong>illis</strong></span> <span class='ocrx_word' id='word_1_87' title='bbox 3377 1741 3973 1829; x_wconf 83' lang='lat' dir='ltr'><strong>adhaereamus</strong></span> <span class='ocrx_word' id='word_1_88' title='bbox 3999 1803 4029 1848; x_wconf 85' lang='lat'><strong>,</strong></span> <span class='ocrx_word' id='word_1_89' title='bbox 4062 1748 4216 1855; x_wconf 89' lang='lat' dir='ltr'><strong>qui</strong></span> <span class='ocrx_word' id='word_1_90' title='bbox 4243 1798 4282 1852; x_wconf 88' lang='lat'><strong>,</strong></span> 
     </span>
     <span class='ocr_line' id='line_1_11' title="bbox 1481 1865 4281 1985; baseline 0.001 -33"><span class='ocrx_word' id='word_1_91' title='bbox 1481 1865 1713 1982; x_wconf 88' lang='lat' dir='ltr'><strong>apud</strong></span> <span class='ocrx_word' id='word_1_92' title='bbox 1768 1872 2053 1955; x_wconf 90' lang='lat' dir='ltr'><strong>virum</strong></span> <span class='ocrx_word' id='word_1_93' title='bbox 2122 1867 2231 1955; x_wconf 87' lang='lat' dir='ltr'><strong>de</strong></span> <span class='ocrx_word' id='word_1_94' title='bbox 2292 1872 2526 1954; x_wconf 88' lang='lat' dir='ltr'><strong>bono</strong></span> <span class='ocrx_word' id='word_1_95' title='bbox 2565 1869 2988 1956; x_wconf 89' lang='lat' dir='ltr'><strong>Ecclesiae</strong></span> <span class='ocrx_word' id='word_1_96' title='bbox 3033 1870 3364 1985; x_wconf 79' lang='lat' dir='ltr'><strong>optime</strong></span> <span class='ocrx_word' id='word_1_97' title='bbox 3418 1872 3835 1954; x_wconf 87' lang='lat' dir='ltr'><strong>meritum</strong></span> <span class='ocrx_word' id='word_1_98' title='bbox 3867 1868 4281 1956; x_wconf 87' lang='lat' dir='ltr'><strong>Cardina-</strong></span> 
     </span>
     <span class='ocr_line' id='line_1_12' title="bbox 1477 1993 4279 2108; baseline 0 -32"><span class='ocrx_word' id='word_1_99' title='bbox 1477 1994 1654 2078; x_wconf 90' lang='lat' dir='ltr'><strong>lem</strong></span> <span class='ocrx_word' id='word_1_100' title='bbox 1711 1994 2301 2080; x_wconf 88' lang='lat' dir='ltr'><strong>Belarminum</strong></span> <span class='ocrx_word' id='word_1_101' title='bbox 2350 1996 2497 2079; x_wconf 87' lang='lat' dir='ltr'><strong>lib.</strong></span> <span class='ocrx_word' id='word_1_102' title='bbox 2532 2015 2624 2077; x_wconf 89' lang='lat'><strong>11.</strong></span> <span class='ocrx_word' id='word_1_103' title='bbox 2693 1993 2802 2080; x_wconf 88' lang='lat' dir='ltr'><strong>de</strong></span> <span class='ocrx_word' id='word_1_104' title='bbox 2852 1993 3141 2081; x_wconf 90' lang='lat' dir='ltr'><strong>Verbo</strong></span> <span class='ocrx_word' id='word_1_105' title='bbox 3212 1997 3377 2079; x_wconf 94' lang='lat' dir='ltr'><strong>Dei</strong></span> <span class='ocrx_word' id='word_1_106' title='bbox 3472 1998 3791 2108; x_wconf 87' lang='lat' dir='ltr'><strong>scripto</strong></span> <span class='ocrx_word' id='word_1_107' title='bbox 3871 2022 4064 2108; x_wconf 89' lang='lat' dir='ltr'><strong>cap.</strong></span> <span class='ocrx_word' id='word_1_108' title='bbox 4100 1999 4188 2082; x_wconf 87' lang='lat'><strong>6.</strong></span> <span class='ocrx_word' id='word_1_109' title='bbox 4241 2053 4279 2104; x_wconf 86' lang='lat'><strong>‚</strong></span> 
     </span>
     <span class='ocr_line' id='line_1_13' title="bbox 1477 2120 4275 2237; baseline 0.001 -34"><span class='ocrx_word' id='word_1_110' title='bbox 1477 2122 1979 2204; x_wconf 84' lang='lat' dir='ltr'><strong>existimant</strong></span> <span class='ocrx_word' id='word_1_111' title='bbox 2002 2177 2033 2225; x_wconf 86' lang='lat'>‚</span> <span class='ocrx_word' id='word_1_112' title='bbox 2087 2124 2632 2237; x_wconf 81' lang='lat' dir='ltr'><strong>septuaginta</strong></span> <span class='ocrx_word' id='word_1_113' title='bbox 2695 2122 3051 2208; x_wconf 89' lang='lat' dir='ltr'><strong>viralem</strong></span> <span class='ocrx_word' id='word_1_114' title='bbox 3098 2145 3441 2233; x_wconf 90' lang='lat' dir='ltr'><strong>prorsus</strong></span> <span class='ocrx_word' id='word_1_115' title='bbox 3505 2123 3929 2205; x_wconf 87' lang='lat' dir='ltr'><strong>interiisse</strong></span> <span class='ocrx_word' id='word_1_116' title='bbox 3963 2177 3988 2203; x_wconf 94' lang='lat'><strong>.</strong></span> <span class='ocrx_word' id='word_1_117' title='bbox 4024 2120 4275 2206; x_wconf 91' lang='lat' dir='ltr'><strong>Prae-</strong></span> 
     </span>
     <span class='ocr_line' id='line_1_14' title="bbox 1470 2242 4336 2358; baseline 0.002 -30"><span class='ocrx_word' id='word_1_118' title='bbox 1470 2260 1870 2354; x_wconf 86' lang='lat' dir='ltr'><strong>terquam</strong></span> <span class='ocrx_word' id='word_1_119' title='bbox 1933 2244 2167 2356; x_wconf 87' lang='lat' dir='ltr'><strong>quod</strong></span> <span class='ocrx_word' id='word_1_120' title='bbox 2226 2242 2654 2355; x_wconf 86' lang='lat' dir='ltr'><strong>ejusmodi</strong></span> <span class='ocrx_word' id='word_1_121' title='bbox 2721 2250 3023 2358; x_wconf 88' lang='lat' dir='ltr'><strong>opinio</strong></span> <span class='ocrx_word' id='word_1_122' title='bbox 3075 2249 3553 2331; x_wconf 89' lang='lat' dir='ltr'><strong>intrinseca</strong></span> <span class='ocrx_word' id='word_1_123' title='bbox 3587 2304 3617 2350; x_wconf 81' lang='grc'><em>,</em></span> <span class='ocrx_word' id='word_1_124' title='bbox 3666 2244 3754 2331; x_wconf 68' lang='grc'><strong>8(</strong></span> <span class='ocrx_word' id='word_1_125' title='bbox 3797 2248 4275 2334; x_wconf 82' lang='lat' dir='ltr'><strong>extrinseca</strong></span> <span class='ocrx_word' id='word_1_126' title='bbox 4329 2250 4336 2267; x_wconf 87' lang='lat'><em>&#39;</em></span> 
     </span>
     <span class='ocr_line' id='line_1_15' title="bbox 1469 2367 4271 2482; baseline 0.003 -32"><span class='ocrx_word' id='word_1_127' title='bbox 1469 2371 2061 2482; x_wconf 83' lang='lat' dir='ltr'><strong>probabilitate</strong></span> <span class='ocrx_word' id='word_1_128' title='bbox 2130 2370 2534 2458; x_wconf 90' lang='lat' dir='ltr'><strong>destituta</strong></span> <span class='ocrx_word' id='word_1_129' title='bbox 2590 2373 2842 2455; x_wconf 88' lang='lat' dir='ltr'><strong>nobis</strong></span> <span class='ocrx_word' id='word_1_130' title='bbox 2893 2371 3236 2459; x_wconf 89' lang='lat' dir='ltr'><strong>videtur</strong></span> <span class='ocrx_word' id='word_1_131' title='bbox 3272 2430 3301 2473; x_wconf 82' lang='grc'><em>,</em></span> <span class='ocrx_word' id='word_1_132' title='bbox 3358 2369 3564 2454; x_wconf 89' lang='lat' dir='ltr'><strong>illud</strong></span> <span class='ocrx_word' id='word_1_133' title='bbox 3624 2398 3907 2456; x_wconf 89' lang='lat' dir='ltr'><strong>unum</strong></span> <span class='ocrx_word' id='word_1_134' title='bbox 3939 2367 4047 2454; x_wconf 90' lang='lat' dir='ltr'><strong>ad</strong></span> <span class='ocrx_word' id='word_1_135' title='bbox 4078 2396 4271 2458; x_wconf 85' lang='lat' dir='ltr'><strong>eam</strong></span> 
     </span>
     <span class='ocr_line' id='line_1_16' title="bbox 1468 2494 4269 2608; baseline 0.001 -29"><span class='ocrx_word' id='word_1_136' title='bbox 1468 2494 2051 2602; x_wconf 82' lang='lat' dir='ltr'><strong>abjiciendam</strong></span> <span class='ocrx_word' id='word_1_137' title='bbox 2101 2496 2538 2582; x_wconf 85' lang='lat' dir='ltr'><strong>sufficeret</strong></span> <span class='ocrx_word' id='word_1_138' title='bbox 2583 2556 2610 2595; x_wconf 81' lang='lat'>,</span> <span class='ocrx_word' id='word_1_139' title='bbox 2674 2494 2907 2608; x_wconf 88' lang='lat' dir='ltr'><strong>quod</strong></span> <span class='ocrx_word' id='word_1_140' title='bbox 2967 2525 3073 2581; x_wconf 81' lang='lat' dir='ltr'><strong>ex</strong></span> <span class='ocrx_word' id='word_1_141' title='bbox 3144 2496 3344 2583; x_wconf 87' lang='lat' dir='ltr'><strong>MS.</strong></span> <span class='ocrx_word' id='word_1_142' title='bbox 3392 2494 3818 2581; x_wconf 89' lang='lat' dir='ltr'><strong>Vaticano</strong></span> <span class='ocrx_word' id='word_1_143' title='bbox 3852 2556 3882 2600; x_wconf 84' lang='lat'><strong>‚</strong></span> <span class='ocrx_word' id='word_1_144' title='bbox 3934 2500 4269 2607; x_wconf 83' lang='lat' dir='ltr'><strong>praeci-</strong></span> 
     </span>
     <span class='ocr_line' id='line_1_17' title="bbox 1467 2618 4270 2733; baseline 0.002 -30"><span class='ocrx_word' id='word_1_145' title='bbox 1467 2626 1667 2733; x_wconf 90' lang='lat' dir='ltr'><strong>puis</strong></span> <span class='ocrx_word' id='word_1_146' title='bbox 1712 2625 1940 2707; x_wconf 89' lang='lat' dir='ltr'><strong>curis</strong></span> <span class='ocrx_word' id='word_1_147' title='bbox 1995 2619 2543 2707; x_wconf 86' lang='lat' dir='ltr'><strong>eruditissimi</strong></span> <span class='ocrx_word' id='word_1_148' title='bbox 2593 2620 3066 2706; x_wconf 89' lang='lat' dir='ltr'><strong>Cardinalis</strong></span> <span class='ocrx_word' id='word_1_149' title='bbox 3122 2620 3422 2709; x_wconf 78' lang='lat' dir='ltr'><strong>Carafa</strong></span> <span class='ocrx_word' id='word_1_150' title='bbox 3476 2679 3506 2724; x_wconf 85' lang='lat'>‚</span> <span class='ocrx_word' id='word_1_151' title='bbox 3569 2649 3744 2731; x_wconf 89' lang='lat' dir='ltr'><strong>quo</strong></span> <span class='ocrx_word' id='word_1_152' title='bbox 3792 2618 3899 2707; x_wconf 90' lang='lat' dir='ltr'><strong>de</strong></span> <span class='ocrx_word' id='word_1_153' title='bbox 3946 2625 4270 2710; x_wconf 91' lang='lat' dir='ltr'><strong>iterum</strong></span> 
     </span>
     <span class='ocr_line' id='line_1_18' title="bbox 1462 2744 4264 2862; baseline 0.001 -29"><span class='ocrx_word' id='word_1_154' title='bbox 1462 2773 1946 2862; x_wconf 84' lang='lat' dir='ltr'><strong>congruam</strong></span> <span class='ocrx_word' id='word_1_155' title='bbox 2001 2746 2497 2833; x_wconf 89' lang='lat' dir='ltr'><strong>habebimus</strong></span> <span class='ocrx_word' id='word_1_156' title='bbox 2564 2750 3117 2833; x_wconf 88' lang='lat' dir='ltr'><strong>mentionem</strong></span> <span class='ocrx_word' id='word_1_157' title='bbox 3154 2805 3184 2854; x_wconf 85' lang='grc'>,</span> <span class='ocrx_word' id='word_1_158' title='bbox 3263 2750 3499 2859; x_wconf 84' lang='lat' dir='ltr'><strong>jussu</strong></span> <span class='ocrx_word' id='word_1_159' title='bbox 3548 2744 3759 2831; x_wconf 84' lang='lat' dir='ltr'><strong>Sixti</strong></span> <span class='ocrx_word' id='word_1_160' title='bbox 3806 2744 3915 2833; x_wconf 92' lang='lat' dir='ltr'><strong>V.</strong></span> <span class='ocrx_word' id='word_1_161' title='bbox 3978 2746 4073 2829; x_wconf 88' lang='lat' dir='ltr'><strong>P.</strong></span> <span class='ocrx_word' id='word_1_162' title='bbox 4129 2748 4264 2834; x_wconf 88' lang='lat' dir='ltr'><strong>M.</strong></span> 
     </span>
     <span class='ocr_line' id='line_1_19' title="bbox 1458 2869 4264 2987; baseline 0.001 -28"><span class='ocrx_word' id='word_1_163' title='bbox 1458 2898 1695 2959; x_wconf 82' lang='lat' dir='ltr'><strong>nova</strong></span> <span class='ocrx_word' id='word_1_164' title='bbox 1777 2869 2166 2982; x_wconf 79' lang='lat' dir='ltr'><strong>ejusdem</strong></span> <span class='ocrx_word' id='word_1_165' title='bbox 2223 2871 2609 2958; x_wconf 87' lang='lat' dir='ltr'><strong>editione</strong></span> <span class='ocrx_word' id='word_1_166' title='bbox 2668 2874 3249 2960; x_wconf 84' lang='lat' dir='ltr'><strong>Ecclesiastica</strong></span> <span class='ocrx_word' id='word_1_167' title='bbox 3306 2873 3920 2987; x_wconf 82' lang='lat' dir='ltr'><strong>Bibliographia</strong></span> <span class='ocrx_word' id='word_1_168' title='bbox 3996 2870 4264 2961; x_wconf 73' lang='lat' dir='ltr'><strong>fiierit</strong></span> 
     </span>
     <span class='ocr_line' id='line_1_20' title="bbox 1456 2994 4261 3118; baseline 0 -35"><span class='ocrx_word' id='word_1_169' title='bbox 1456 2997 1975 3111; x_wconf 81' lang='lat' dir='ltr'><strong>locupletata</strong></span> <span class='ocrx_word' id='word_1_170' title='bbox 2041 3056 2066 3082; x_wconf 95' lang='lat'><strong>.</strong></span> <span class='ocrx_word' id='word_1_171' title='bbox 2167 2996 2343 3084; x_wconf 89' lang='lat' dir='ltr'><strong>Suo</strong></span> <span class='ocrx_word' id='word_1_172' title='bbox 2406 3001 2668 3116; x_wconf 86' lang='lat' dir='ltr'><strong>igitur</strong></span> <span class='ocrx_word' id='word_1_173' title='bbox 2752 2998 3312 3118; x_wconf 79' lang='lat' dir='ltr'><strong>Septuaginta</strong></span> <span class='ocrx_word' id='word_1_174' title='bbox 3375 2994 3890 3083; x_wconf 90' lang='lat' dir='ltr'><strong>Versionem</strong></span> <span class='ocrx_word' id='word_1_175' title='bbox 3950 3024 4108 3111; x_wconf 92' lang='lat' dir='ltr'><strong>per</strong></span> <span class='ocrx_word' id='word_1_176' title='bbox 4168 2997 4261 3083; x_wconf 82' lang='lat' dir='ltr'><strong>id</strong></span> 
     </span>
     <span class='ocr_line' id='line_1_21' title="bbox 1455 3124 4258 3240; baseline 0.001 -33"><span class='ocrx_word' id='word_1_177' title='bbox 1455 3151 1807 3235; x_wconf 89' lang='lat' dir='ltr'><strong>quoque</strong></span> <span class='ocrx_word' id='word_1_178' title='bbox 1861 3128 2275 3236; x_wconf 88' lang='lat' dir='ltr'><strong>temporis</strong></span> <span class='ocrx_word' id='word_1_179' title='bbox 2329 3124 2741 3208; x_wconf 81' lang='lat' dir='ltr'><strong>habemus</strong></span> <span class='ocrx_word' id='word_1_180' title='bbox 2802 3130 2898 3209; x_wconf 88' lang='lat' dir='ltr'><strong>in</strong></span> <span class='ocrx_word' id='word_1_181' title='bbox 2961 3129 3242 3240; x_wconf 90' lang='lat' dir='ltr'><strong>pretio</strong></span> <span class='ocrx_word' id='word_1_182' title='bbox 3279 3155 3304 3204; x_wconf 69' lang='grc' dir='ltr'><strong><em>ε</em></strong></span> <span class='ocrx_word' id='word_1_183' title='bbox 3369 3125 3668 3236; x_wconf 86' lang='lat' dir='ltr'><strong>Quum</strong></span> <span class='ocrx_word' id='word_1_184' title='bbox 3708 3149 3916 3210; x_wconf 89' lang='lat' dir='ltr'><strong>vero</strong></span> <span class='ocrx_word' id='word_1_185' title='bbox 3963 3150 4258 3237; x_wconf 86' lang='lat' dir='ltr'><strong>neque</strong></span> 
     </span>
     <span class='ocr_line' id='line_1_22' title="bbox 1451 3247 4257 3367; baseline 0.001 -31"><span class='ocrx_word' id='word_1_186' title='bbox 1451 3248 1842 3336; x_wconf 87' lang='lat' dir='ltr'><strong>Romani</strong></span> <span class='ocrx_word' id='word_1_187' title='bbox 1905 3249 2367 3334; x_wconf 86' lang='lat' dir='ltr'><strong>Pontifices</strong></span> <span class='ocrx_word' id='word_1_188' title='bbox 2401 3308 2432 3354; x_wconf 84' lang='lat'>‚</span> <span class='ocrx_word' id='word_1_189' title='bbox 2495 3276 2790 3360; x_wconf 90' lang='lat' dir='ltr'><strong>neque</strong></span> <span class='ocrx_word' id='word_1_190' title='bbox 2842 3251 3215 3338; x_wconf 88' lang='lat' dir='ltr'><strong>Ecclesia</strong></span> <span class='ocrx_word' id='word_1_191' title='bbox 3264 3247 3860 3335; x_wconf 85' lang='lat' dir='ltr'><strong>Oecumenice</strong></span> <span class='ocrx_word' id='word_1_192' title='bbox 3903 3275 4257 3367; x_wconf 85' lang='lat' dir='ltr'><strong>congre·</strong></span> 
     </span>
     <span class='ocr_line' id='line_1_23' title="bbox 1452 3373 4255 3494; baseline 0 -35"><span class='ocrx_word' id='word_1_193' title='bbox 1452 3394 1645 3494; x_wconf 77' lang='lat' dir='ltr'><strong>gata</strong></span> <span class='ocrx_word' id='word_1_194' title='bbox 1703 3375 1934 3461; x_wconf 88' lang='lat' dir='ltr'><strong>illam</strong></span> <span class='ocrx_word' id='word_1_195' title='bbox 1987 3373 2695 3461; x_wconf 73' lang='lat' dir='ltr'><strong>christifidelibus</strong></span> <span class='ocrx_word' id='word_1_196' title='bbox 2757 3433 2792 3482; x_wconf 85' lang='lat'><strong>,</strong></span> <span class='ocrx_word' id='word_1_197' title='bbox 2851 3397 2955 3462; x_wconf 92' lang='lat' dir='ltr'><strong>ut</strong></span> <span class='ocrx_word' id='word_1_198' title='bbox 3014 3376 3562 3462; x_wconf 89' lang='lat' dir='ltr'><strong>Canonicam</strong></span> <span class='ocrx_word' id='word_1_199' title='bbox 3628 3380 4168 3488; x_wconf 86' lang='lat' dir='ltr'><strong>proposuerit</strong></span> <span class='ocrx_word' id='word_1_200' title='bbox 4217 3433 4255 3484; x_wconf 85' lang='lat'><strong>‚</strong></span> 
     </span>
     <span class='ocr_line' id='line_1_24' title="bbox 1448 3497 4256 3615; baseline -0.001 -25"><span class='ocrx_word' id='word_1_201' title='bbox 1448 3529 1644 3590; x_wconf 86' lang='lat' dir='ltr'><strong>non</strong></span> <span class='ocrx_word' id='word_1_202' title='bbox 1690 3519 1819 3586; x_wconf 93' lang='lat' dir='ltr'><strong>est</strong></span> <span class='ocrx_word' id='word_1_203' title='bbox 1872 3497 2104 3613; x_wconf 86' lang='lat' dir='ltr'><strong>quod</strong></span> <span class='ocrx_word' id='word_1_204' title='bbox 2172 3527 2334 3613; x_wconf 92' lang='lat' dir='ltr'><strong>pro</strong></span> <span class='ocrx_word' id='word_1_205' title='bbox 2395 3501 2584 3611; x_wconf 85' lang='lat' dir='ltr'><strong>ejus</strong></span> <span class='ocrx_word' id='word_1_206' title='bbox 2659 3503 3099 3589; x_wconf 85' lang='lat' dir='ltr'><strong>authentia</strong></span> <span class='ocrx_word' id='word_1_207' title='bbox 3177 3506 3272 3585; x_wconf 87' lang='lat' dir='ltr'><strong>in</strong></span> <span class='ocrx_word' id='word_1_208' title='bbox 3362 3504 4043 3615; x_wconf 84' lang='lat' dir='ltr'><strong>praesentiarum</strong></span> <span class='ocrx_word' id='word_1_209' title='bbox 4114 3499 4256 3587; x_wconf 88' lang='lat' dir='ltr'><strong>de-</strong></span> 
     </span>
     <span class='ocr_line' id='line_1_25' title="bbox 1444 3623 4250 3741; baseline -0.002 -26"><span class='ocrx_word' id='word_1_210' title='bbox 1444 3645 1879 3715; x_wconf 83' lang='lat' dir='ltr'><strong>certemus</strong></span> <span class='ocrx_word' id='word_1_211' title='bbox 1939 3659 1962 3709; x_wconf 83' lang='lat'>:</span> <span class='ocrx_word' id='word_1_212' title='bbox 2032 3623 2244 3714; x_wconf 88' lang='lat' dir='ltr'><strong>dum</strong></span> <span class='ocrx_word' id='word_1_213' title='bbox 2309 3632 2671 3714; x_wconf 87' lang='lat' dir='ltr'><strong>interim</strong></span> <span class='ocrx_word' id='word_1_214' title='bbox 2732 3630 3097 3741; x_wconf 89' lang='lat' dir='ltr'><strong>reliquas</strong></span> <span class='ocrx_word' id='word_1_215' title='bbox 3162 3655 3468 3712; x_wconf 90' lang='lat' dir='ltr'><strong>omnes</strong></span> <span class='ocrx_word' id='word_1_216' title='bbox 3532 3624 3887 3711; x_wconf 87' lang='lat' dir='ltr'><strong>Veteres</strong></span> <span class='ocrx_word' id='word_1_217' title='bbox 3950 3626 4250 3711; x_wconf 87' lang='lat' dir='ltr'><strong>Testa-</strong></span> 
     </span>
     <span class='ocr_line' id='line_1_26' title="bbox 1442 3747 4248 3866; baseline -0.003 -24"><span class='ocrx_word' id='word_1_218' title='bbox 1442 3757 1734 3842; x_wconf 86' lang='lat' dir='ltr'><strong>menti</strong></span> <span class='ocrx_word' id='word_1_219' title='bbox 1788 3757 1883 3837; x_wconf 91' lang='lat' dir='ltr'><strong>in</strong></span> <span class='ocrx_word' id='word_1_220' title='bbox 1952 3770 2135 3838; x_wconf 89' lang='lat' dir='ltr'><strong>tota</strong></span> <span class='ocrx_word' id='word_1_221' title='bbox 2180 3759 2700 3866; x_wconf 88' lang='lat' dir='ltr'><strong>antiquitate</strong></span> <span class='ocrx_word' id='word_1_222' title='bbox 2748 3755 3351 3839; x_wconf 86' lang='lat' dir='ltr'><strong>translati0nes</strong></span> <span class='ocrx_word' id='word_1_223' title='bbox 3383 3807 3416 3858; x_wconf 83' lang='lat'>‚</span> <span class='ocrx_word' id='word_1_224' title='bbox 3473 3749 3564 3839; x_wconf 73' lang='grc' dir='ltr'>ἃ</span> <span class='ocrx_word' id='word_1_225' title='bbox 3615 3750 3923 3837; x_wconf 87' lang='lat' dir='ltr'><strong>ordine</strong></span> <span class='ocrx_word' id='word_1_226' title='bbox 3946 3809 3977 3857; x_wconf 87' lang='lat'><strong>,</strong></span> <span class='ocrx_word' id='word_1_227' title='bbox 4007 3747 4248 3838; x_wconf 80' lang='lat' dir='ltr'><strong>&amp;di-</strong></span> 
     </span>
     <span class='ocr_line' id='line_1_27' title="bbox 1442 3875 4248 3994; baseline 0.003 -35"><span class='ocrx_word' id='word_1_228' title='bbox 1442 3883 1777 3993; x_wconf 81' lang='lat' dir='ltr'><strong>gnitate</strong></span> <span class='ocrx_word' id='word_1_229' title='bbox 1844 3883 2399 3990; x_wconf 86' lang='lat' dir='ltr'><strong>praecessisse</strong></span> <span class='ocrx_word' id='word_1_230' title='bbox 2462 3935 2498 3982; x_wconf 83' lang='grc'><em>,</em></span> <span class='ocrx_word' id='word_1_231' title='bbox 2589 3878 2695 3960; x_wconf 88' lang='lat' dir='ltr'><strong>ab</strong></span> <span class='ocrx_word' id='word_1_232' title='bbox 2749 3875 3272 3994; x_wconf 89' lang='lat' dir='ltr'><strong>Judaeorum</strong></span> <span class='ocrx_word' id='word_1_233' title='bbox 3303 3935 3338 3984; x_wconf 84' lang='lat'>‚</span> <span class='ocrx_word' id='word_1_234' title='bbox 3393 3877 3928 3994; x_wconf 82' lang='lat' dir='ltr'><strong>aliorumque</strong></span> <span class='ocrx_word' id='word_1_235' title='bbox 3989 3903 4248 3991; x_wconf 78' lang='lat' dir='ltr'><strong>expo:</strong></span> 
     </span>
     <span class='ocr_line' id='line_1_28' title="bbox 1437 4003 3388 4110; baseline -0.002 -22"><span class='ocrx_word' id='word_1_236' title='bbox 1437 4005 2036 4094; x_wconf 87' lang='lat' dir='ltr'><strong>stulationibus</strong></span> <span class='ocrx_word' id='word_1_237' title='bbox 2067 4059 2100 4110; x_wconf 84' lang='grc'>,</span> <span class='ocrx_word' id='word_1_238' title='bbox 2159 4003 2725 4092; x_wconf 85' lang='lat' dir='ltr'><strong>libentissime</strong></span> <span class='ocrx_word' id='word_1_239' title='bbox 2785 4003 3330 4095; x_wconf 88' lang='lat' dir='ltr'><strong>vindicamus</strong></span> <span class='ocrx_word' id='word_1_240' title='bbox 3362 4059 3388 4085; x_wconf 96' lang='lat'><strong>.</strong></span> 
     </span>
    </p>
   </div>
   <div class='ocr_carea' id='block_1_3' title="bbox 2684 4258 2985 4366">
    <p class='ocr_par' dir='ltr' id='par_1_3' title="bbox 2684 4258 2985 4366">
     <span class='ocr_line' id='line_1_29' title="bbox 2684 4258 2985 4366; baseline 0.003 -25"><span class='ocrx_word' id='word_1_241' title='bbox 2684 4258 2771 4366; x_wconf 62' lang='grc' dir='ltr'><strong>ς.</strong></span> <span class='ocrx_word' id='word_1_242' title='bbox 2832 4258 2985 4343; x_wconf 78' lang='lat' dir='ltr'><strong>lx.</strong></span> 
     </span>
    </p>
   </div>
   <div class='ocr_carea' id='block_1_4' title="bbox 2003 4506 3674 4720">
    <p class='ocr_par' dir='ltr' id='par_1_4' title="bbox 2003 4506 3674 4720">
     <span class='ocr_line' id='line_1_30' title="bbox 2003 4506 3674 4618; baseline 0.002 -27"><span class='ocrx_word' id='word_1_243' title='bbox 2003 4506 2145 4592; x_wconf 85' lang='lat' dir='ltr'><strong>De</strong></span> <span class='ocrx_word' id='word_1_244' title='bbox 2202 4506 2558 4596; x_wconf 66' lang='lat' dir='ltr'><strong>Graecis</strong></span> <span class='ocrx_word' id='word_1_245' title='bbox 2605 4527 2822 4618; x_wconf 78' lang='lat' dir='ltr'><strong>post</strong></span> <span class='ocrx_word' id='word_1_246' title='bbox 2866 4506 3311 4592; x_wconf 79' lang='lat' dir='ltr'><strong>Christum</strong></span> <span class='ocrx_word' id='word_1_247' title='bbox 3360 4523 3674 4595; x_wconf 81' lang='lat' dir='ltr'><strong>natum</strong></span> 
     </span>
     <span class='ocr_line' id='line_1_31' title="bbox 2359 4632 3318 4720; baseline 0.003 -3"><span class='ocrx_word' id='word_1_248' title='bbox 2359 4633 2471 4717; x_wconf 81' lang='lat' dir='ltr'><strong>V.</strong></span> <span class='ocrx_word' id='word_1_249' title='bbox 2535 4634 2639 4715; x_wconf 93' lang='lat' dir='ltr'><strong>T.</strong></span> <span class='ocrx_word' id='word_1_250' title='bbox 2705 4632 3265 4720; x_wconf 74' lang='lat' dir='ltr'><strong>Ver-sionibus</strong></span> <span class='ocrx_word' id='word_1_251' title='bbox 3291 4692 3318 4719; x_wconf 90' lang='lat'><strong>.</strong></span> 
     </span>
    </p>
   </div>
   <div class='ocr_carea' id='block_1_5' title="bbox 1422 4761 4230 5122">
    <p class='ocr_par' dir='ltr' id='par_1_5' title="bbox 1422 4761 4230 5122">
     <span class='ocr_line' id='line_1_32' title="bbox 1422 4761 4230 4999; baseline 0.001 -35"><span class='ocrx_word' id='word_1_252' title='bbox 1422 4761 1742 4966; x_wconf 82' lang='lat' dir='ltr'><strong>Tres</strong></span> <span class='ocrx_word' id='word_1_253' title='bbox 1798 4885 2101 4997; x_wconf 77' lang='lat' dir='ltr'><strong>priscis</strong></span> <span class='ocrx_word' id='word_1_254' title='bbox 2179 4881 2605 4971; x_wconf 87' lang='lat' dir='ltr'><strong>Ecclesiae</strong></span> <span class='ocrx_word' id='word_1_255' title='bbox 2670 4887 3023 4973; x_wconf 85' lang='lat' dir='ltr'><strong>saeculis</strong></span> <span class='ocrx_word' id='word_1_256' title='bbox 3078 4889 3174 4973; x_wconf 91' lang='lat' dir='ltr'><strong>in</strong></span> <span class='ocrx_word' id='word_1_257' title='bbox 3245 4885 3534 4974; x_wconf 82' lang='lat' dir='ltr'><strong>lucem</strong></span> <span class='ocrx_word' id='word_1_258' title='bbox 3620 4878 4136 4999; x_wconf 86' lang='lat' dir='ltr'><strong>prodierunt</strong></span> <span class='ocrx_word' id='word_1_259' title='bbox 4190 4899 4230 4992; x_wconf 79' lang='lat'><strong>,·</strong></span> 
     </span>
     <span class='ocr_line' id='line_1_33' title="bbox 1422 4999 4230 5122; baseline -0 -26"><span class='ocrx_word' id='word_1_260' title='bbox 1422 4999 1759 5098; x_wconf 86' lang='lat' dir='ltr'><strong>Graeco</strong></span> <span class='ocrx_word' id='word_1_261' title='bbox 1817 5010 2226 5109; x_wconf 78' lang='lat' dir='ltr'><strong>idiomate</strong></span> <span class='ocrx_word' id='word_1_262' title='bbox 2256 5069 2317 5122; x_wconf 82' lang='lat'><strong>.,</strong></span> <span class='ocrx_word' id='word_1_263' title='bbox 2406 5009 2783 5102; x_wconf 83' lang='lat' dir='ltr'><strong>Hebraei</strong></span> <span class='ocrx_word' id='word_1_264' title='bbox 2841 5013 3171 5108; x_wconf 79' lang='lat' dir='ltr'><strong>Textus</strong></span> <span class='ocrx_word' id='word_1_265' title='bbox 3239 5011 3701 5104; x_wconf 86' lang='lat' dir='ltr'><strong>Versiones</strong></span> <span class='ocrx_word' id='word_1_266' title='bbox 3752 5070 3780 5100; x_wconf 97' lang='lat'><strong>.</strong></span> <span class='ocrx_word' id='word_1_267' title='bbox 3841 5012 4230 5102; x_wconf 80' lang='lat' dir='ltr'><strong>Primam</strong></span> 
     </span>
    </p>
   </div>
   <div class='ocr_carea' id='block_1_6' title="bbox 3963 5133 4231 5250">
    <p class='ocr_par' dir='ltr' id='par_1_6' title="bbox 3963 5133 4231 5250">
     <span class='ocr_line' id='line_1_34' title="bbox 3963 5133 4231 5250; baseline 0 0"><span class='ocrx_word' id='word_1_268' title='bbox 3963 5133 4231 5250; x_wconf 68' lang='lat' dir='ltr'><strong>Aqui-</strong></span> 
     </span>
    </p>
   </div>
  </div>
 </body>
</html>
