4913 6618
1493 571 1603 752 :ni
1624 545 1931 756 8Codd.
2003 663 2459 784 quadrati,
2520 663 3049 783 rotundique
3133 667 3639 757 characteris
3705 728 3737 775 ,
3770 639 4326 760 indicarunt·

1493 790 1962 884 Marchosii
2016 798 2488 901 haeretici,
2548 801 2668 883 sic
2716 794 2927 882 dicti
2984 826 3035 882 a
3095 792 3469 909 quodam
3549 796 3857 883 Marco
3917 797 4306 884 Valenti-

1496 922 1968 1011 nianorum
2033 927 2345 1012 assecla
2378 982 2410 1029 ‚
2472 929 2626 1035 qui
2678 919 3092 1010 Aeonum
3153 921 3469 1008 fabulas
3526 927 3622 1032 in
3683 920 4009 1035 nvo-apo
4069 959 4130 1016 ς·
4172 924 4303 1007 la·-

1493 1050 1747 1133 titare
1830 1055 2258 1136 crassioris
2341 1052 2784 1139 minervae
2863 1051 3361 1136 hominibus
3427 1108 3458 1154 ‚
3543 1048 4043 1139 venditabat
4085 1107 4111 1133 .
4176 1048 4305 1134 lta

1498 1201 1760 1286 porro
1811 1175 2321 1264 clarissimus
2388 1172 2810 1295 Georgius
2847 1209 2871 1258 ε
2961 1177 3187 1263 Heic
3248 1201 3480 1261 nova
3538 1173 3958 1289 quaedam
4012 1201 4296 1262 senar.

1492 1322 2041 1408 nume-nota,
2075 1306 2576 1417 speciesque
2611 1332 2715 1387 ex
2740 1299 3281 1420 Aegyptiaco
3311 1300 3636 1415 alphab.
3668 1303 4063 1413 Boniurii
4083 1300 4298 1386 mihi
4330 1363 4357 1420 ··:

1491 1428 1964 1536 spectanda
2002 1429 2361 1514 offertur
2391 1484 2421 1529 ,
2487 1454 2705 1538 quae
2738 1429 3007 1513 veluti
3032 1432 3501 1540 composita
3533 1455 3639 1512 ex
3665 1454 3893 1512 nexu
3926 1423 4298 1512 duarum

1498 1569 1556 1629 G
1604 1610 1633 1654 ‚
1694 1549 1781 1639 81
1846 1577 1936 1634 ‘r
2005 1552 2285 1644 videri
2347 1560 2612 1666 possit
2675 1551 2840 1641 ἅς.
2872 1613 2937 1661 ,,
3002 1552 3359 1638 ..Nobis
3416 1580 3627 1642 vero
3679 1553 4036 1670 figuram
4068 1551 4302 1636 illam
4451 1627 4467 1644 ,

1495 1676 2159 1790 inspicientibus
2221 1683 2510 1769 visum
2575 1697 2705 1766 est
2742 1742 2773 1789 ,
2833 1683 3024 1767 loco
3115 1705 3386 1764 nexus
3452 1699 3511 1761 c
3557 1739 3586 1787 ‚
3646 1680 3735 1768 ἃ
3796 1703 3887 1760 ‘r
3924 1739 3954 1782 ‚
4014 1680 4299 1794 potius

1501 1819 1558 1879 0
1595 1860 1626 1908 ‚
1687 1800 1775 1890 81
1830 1831 1892 1890 π
1957 1812 2053 1892 in
2123 1831 2224 1891 ea
2279 1803 2919 1923 deprehendere
2952 1865 2983 1911 ,
3041 1809 3164 1891 ita
3218 1824 3512 1891 tamen
3545 1867 3575 1911 ,
3638 1825 3739 1891 ut
3793 1833 3988 1890 crus
4041 1831 4103 1892 π
4166 1829 4300 1888 re-

1495 1947 1802 2039 spectu
1853 1935 2286 2019 intuentis
2342 1927 2790 2020 sinistrum
2825 1990 2859 2039 ‚
2916 1932 3395 2046 paullulum
3460 1950 3947 2019 tortuosum
4006 1936 4120 2016 sit
4151 1985 4183 2034 ‚
4210 1926 4301 2017 ἃ

1496 2051 2045 2147 decurtatum
2076 2113 2108 2165 9
2170 2085 2267 2144 ac
2326 2079 2385 2141 c
2442 2079 2716 2178 gestet
2768 2085 3251 2172 appensum
3283 2118 3310 2142 .
3375 2056 3615 2145 Sic’ut
3699 2060 3942 2142 enim
4030 2053 4297 2144 Grae-

1491 2205 1702 2264 cum
1734 2174 1878 2304 Q
1934 2188 2495 2300 componitur
2523 2189 3025 2307 exsigmate
3053 2189 3403 2271 inverso
3435 2187 3959 2288 ‚introrsum
3984 2183 4307 2267 haben·-

1497 2313 1589 2390 te
1644 2334 1893 2395 crura
1957 2311 2435 2425 inaequalia
2495 2315 2828 2398 litterae
2889 2333 2953 2394 π
2989 2372 3018 2416 ‚
3073 2314 3193 2396 ita
3258 2309 3692 2428 Aegyptia
3773 2326 3982 2394 nota
4046 2330 4116 2393 a
4189 2304 4299 2391 ad

1496 2433 2075 2524 imitationem
2130 2440 2503 2552 aliquam
2559 2438 2868 2524 Graeci
2927 2469 3177 2550 σαμπι
3242 2467 3346 2524 ex
3399 2437 3700 2521 litteris
3748 2455 3808 2516 c
3845 2492 3874 2537 ‚
3933 2433 4021 2522 8:
4065 2457 4125 2518 π
4170 2437 4302 2520 vii

1496 2551 1750 2643 detur
1811 2567 2285 2680 composita
2319 2622 2350 2668 ‚
2410 2585 2515 2652 ut
2579 2587 2906 2649 can-m
2997 2563 3534 2683 Aegyptium
3615 2559 3948 2648 Graeco
4024 2559 4299 2645 simile

1496 2681 1900 2804 indigitet
1933 2749 1956 2773 .
2023 2690 2259 2808 Quid
2285 2686 2332 2773 2
2364 2691 2713 2809 Ergone
2744 2688 3146 2774 adversus
3202 2689 3707 2774 domesticos
3767 2688 4237 2799 Scriptores
4265 2744 4298 2789 ‚

1497 2833 1816 2927 eosque
1881 2813 2554 2927 πολυμιθῆςατες
2594 2875 2624 2922 ,
2685 2819 3374 2929 intemperanter
3426 2871 3458 2918 ‚
3552 2813 4091 2924 audacesque,
4148 2815 4299 2897 inq

1493 2943 1916 3057 surgimus
1948 2940 1993 3026 2
2057 2943 2308 3029 Absit
2342 3000 2368 3026 .
2431 2944 3040 3055 Praeterquam
3086 2971 3292 3031 vero
3350 2938 3584 3055 quod
3640 2927 4023 3025 studium
4101 2959 4297 3051 par-³

1491 3068 1715 3150 tium
1768 3095 2188 3182 seponere
2281 3066 2539 3153 debet
2603 3064 3016 3167 φιλαλήθης
3076 3127 3107 3173 ,
3201 3098 3252 3153 a
3313 3067 3588 3154 dubiis
3672 3066 4299 3174 cujuscumque

1491 3192 1823 3303 placitis
1878 3197 2304 3278 abstinere
2339 3253 2370 3297 ‚
2427 3197 3053 3307 propriumque
3113 3196 3387 3279 animi
3445 3220 3803 3279 sensum
3866 3213 4299 3303 exponere

1494 3317 1707 3431 quid
1773 3340 2008 3406 vetat
2049 3325 2088 3404 ἓ
2143 3324 2268 3406 lta
2329 3340 2635 3406 mente
2703 3380 2734 3425 ‚
2793 3320 2881 3408 ἃ
2936 3322 3234 3406 animo
3291 3323 3827 3435 comparati,
3892 3315 4002 3402 de
4064 3317 4296 3399 trina

1492 3440 1721 3557 apud
1768 3444 2440 3532 eruditissimum
2505 3443 2977 3566 Georgium
3064 3446 3409 3565 linguae
3462 3446 4045 3564 Aegyptiacae
4098 3436 4301 3523 dia-

1488 3570 1713 3658 lecto
1747 3632 1779 3680 ,
1844 3600 2130 3660 rursus
2185 3577 2590 3688 sequenti
2638 3573 3159 3692 paragrapho
3215 3598 3564 3692 agemus
3600 3629 3625 3655 .
4286 3572 4297 3641 ἰ

2510 3888 2521 3894 -
2632 3827 2712 3933 §·
2870 3822 3136 3909 xlv.

2265 4076 2401 4171 De
2453 4064 2999 4203 Coptitnrum
3057 4074 3443 4162 dialectis
3477 4132 3504 4156 .

1481 4212 2270 4445 Memphiticam
2336 4324 2799 4415 dialectum
2870 4332 3227 4414 caeteris
3314 4326 3899 4437 antiquiorem
3956 4380 3991 4429 ‚
4082 4321 4292 4406 alio-a

1479 4483 1855 4569 rumque
1910 4476 2277 4540 matrem
2332 4482 2513 4540 esse
2567 4452 3053 4540 habendam
3113 4511 3144 4558 ‚
3234 4449 3632 4536 adversus
3688 4450 4299 4567 Jablonskiunr
4365 4528 4370 4533 .

1478 4582 2115 4692 praeferentem
2166 4578 2690 4667 Thebaicam
2724 4637 2754 4684 ‚
2818 4576 3276 4664 contendit
3306 4573 3729 4695 Georgius
3790 4583 3973 4687 §.ln
3994 4574 4297 4681 Prae-fi,

1478 4701 1587 4788 ad
1644 4708 1999 4824 Fragm.
2060 4704 2156 4788 S.
2173 4705 2492 4815 Jolmn.
2553 4731 2745 4823 pag.
2787 4722 2992 4791 xxv.
3046 4703 3136 4791 ἃ
3199 4729 3438 4814 seqq.
3506 4703 3606 4786 Iu
3644 4703 3944 4816 primis
3974 4698 4289 4785 exHe-

1480 4824 1786 4916 rodoto
1829 4830 1972 4914 lib.
2004 4844 2099 4911 Π.
2162 4834 2349 4943 cap.
2401 4857 2605 4945 134.
2662 4833 3053 4915 observat
3113 4830 3370 4939 hujus
3425 4832 3863 4940 scriptoris
3895 4840 4291 4936 tempore

1476 4950 1906 5041 hominem
1953 4953 2220 5040 fuisse
2277 4952 2802 5069 appellatum
2866 4976 3263 5062 mptum
3328 4954 3485 5038 sub
3532 4949 4103 5064 Memphitica
4149 4946 4287 5034 deu

1478 5082 1861 5173 sinentia
1895 5083 2018 5165 -in
2092 5104 2126 5161 x
2159 5138 2192 5189 ‚
2253 5106 2445 5167 non
2508 5108 2721 5170 uero
2774 5100 3139 5189 nptna‘e
3201 5140 3234 5189 ‚
3316 5098 3466 5165 aut
3544 5094 4007 5188 nuptu-us·
4077 5096 4288 5162 cum

4132 5198 4272 5286 de·
