4913 6618
3315 508 3436 606 43

610 640 820 730 pare
848 674 870 700 .
938 601 1110 696 Sed
1156 597 1283 732 ,ad
1343 608 1852 695 institutum
1918 597 2368 695 redeamus
2397 664 2419 690 .
2479 600 2662 694 Etsi
2697 611 3040 693 nemini
3072 599 3439 695 dubium

615 769 801 831 esse
896 735 1201 823 debeat
1284 732 1806 845 Versionem
1861 750 2063 820 Lxx,
2102 788 2133 836 ,
2195 749 2630 845 quatenus
2684 760 2736 817 a
2799 739 2972 821 suis
3033 733 3440 823 Auctori-

613 866 777 954 bus
828 860 1154 980 prodiit
1212 918 1244 964 ‚
1339 866 1766 947 maximae
1821 857 2090 944 fiiisse
2153 861 2683 947 auctoritatis
2743 914 2774 962 ,
2866 857 3435 975 ejusdemque

613 988 1025 1108 ponderis
1086 986 1561 1105 apographa
1621 992 1718 1072 in
1774 984 2200 1073 Ecclesiae
2252 981 2746 1098 primordiis
2779 1011 2836 1066 n
2848 1012 2963 1070 on
3003 983 3374 1089 defuisse
3399 1049 3433 1098 ,

614 1136 911 1204 tamen
969 1115 1284 1201 horum
1352 1110 1862 1228 quamplura
1891 1168 1925 1220 ‚
1981 1092 2516 1224 Hieronymi
2575 1128 2980 1223 tempore
3040 1167 3071 1216 ,
3140 1141 3192 1198 a
3251 1120 3437 1228 pri-

613 1256 851 1337 stina
904 1246 1281 1356 puritate
1344 1296 1378 1345 ,
1440 1240 2118 1355 integritateque
2177 1234 2589 1324 defecisse
2654 1295 2685 1343 ,
2777 1237 3014 1323 idem
3066 1236 3438 1328 Sanctus

616 1369 1047 1462 Ecclesiae
1103 1366 1433 1450 Doctor
1485 1366 1739 1453 nobis
1792 1364 2055 1478 plane
2118 1361 2420 1450 suadet
2453 1422 2484 1468 ,
2548 1390 2759 1450 cum
2805 1364 3003 1449 alibi
3026 1421 3057 1469 ,
3106 1383 3301 1454 tum
3336 1372 3436 1453 in

621 1495 1076 1615 proloquio
1128 1489 1851 1604 Paralipomenon
1920 1491 2367 1577 scribensz
2436 1489 2528 1574 Si
2592 1493 3134 1606 septuaginta
3169 1497 3440 1579 inter·-

625 1640 978 1741 pretum
1043 1642 1261 1730 pura
1293 1671 1325 1719 ,
1378 1616 1466 1703 81
1532 1637 1632 1703 ut
1694 1618 1799 1701 ab
1856 1620 1979 1701 eis
2038 1621 2132 1701 iu
2199 1614 2628 1703 Graecum
2687 1642 2932 1703 versa
2979 1634 3106 1703 est
3157 1672 3190 1723 ‚
3260 1615 3442 1709 edi-

626 1757 755 1840 tio
800 1760 1357 1860 permaneret
1390 1799 1421 1847 ‚
1443 1737 1875 1855 superflue
1910 1771 2090 1848 me,
2116 1740 2563 1829 Chromati
2595 1739 3213 1855 Episcoporum
3245 1772 3442 1839 san-

626 1875 1011 1968 ctissime
1038 1926 1069 1974 ,
1127 1888 1386 1979 atque
1443 1865 1936 1955 doctissime
2003 1871 2490 1984 impelleres
2553 1927 2584 1975 ,
2669 1885 2772 1954 ut
2831 1868 3219 1954 Hebraea
3281 1868 3443 1961 'tibi

624 1998 1079 2094 volumina
1120 1994 1422 2079 -latino
1485 2021 1887 2080 sermone
1918 1995 2478 2083 transferrem
2514 2051 2538 2076 .
2609 1990 2869 2107 Quod
2902 2000 3145 2080 enim
3177 2001 3444 2089 semel

624 2147 872 2215 aures
926 2121 1392 2206 hominum
1447 2141 2022 2235 occupaverat
2060 2181 2090 2228 ‚
2155 2120 2241 2211 8<
2291 2123 2734 2208 nascentis
2815 2119 3241 2208 Ecclesiae
3317 2154 3445 2210 ro-

624 2257 1078 2340 boraverat
1138 2241 1399 2329 fidem
1437 2303 1468 2350 ,
1535 2247 1864 2355 justum
1912 2266 2097 2334 erat
2162 2253 2428 2334 etiam
2486 2264 2783 2331 nostro
2838 2246 3183 2330 silentio
3205 2277 3446 2338 com-

625 2373 968 2495 probari
1003 2429 1028 2452 .
1091 2370 1358 2456 Nunc
1408 2399 1620 2484 vero
1678 2400 1885 2461 cum
1927 2402 2088 2489 pro
2139 2382 2551 2462 varietate
2599 2374 3058 2487 regionum
3108 2370 3443 2464 diversa

626 2507 1025 2593 ferantur
1082 2495 1591 2608 exemplaria
1656 2556 1686 2602 ,
1764 2497 1852 2585 ἅ
1898 2528 2315 2617 germana
2369 2501 2511 2586 illa
2545 2499 3107 2615 'antiquaque
3161 2517 3446 2589 transo.

627 2635 832 2718 latio
877 2640 1280 2733 corrupta
1338 2625 1451 2705 sit
1483 2677 1514 2725 ,
1572 2642 1833 2737 atque
1885 2628 2193 2712 violata
2248 2685 2284 2732 ,
2371 2627 2648 2713 nostri
2734 2626 3060 2709 arbitrii
3136 2645 3385 2739 putas
3409 2686 3443 2737 ,

626 2776 776 2845 aut
830 2777 881 2834 e
947 2748 1332 2862 pluribus
1384 2747 1768 2857 judicare
1801 2811 1831 2857 ,
1886 2751 2099 2864 quid
2125 2782 2434 2842 verum
2463 2758 2623 2853 sit,
2673 2767 2821 2833 aut
2855 2776 3188 2839 novum
3223 2778 3443 2868 opus·

627 2892 724 2970 in
789 2878 1065 2971 veteri
1116 2899 1376 2986 opere
1434 2872 1750 2961 cudere
1784 2937 1816 2981 ,
1881 2877 2611 2992 illudentibusque
2683 2872 3007 2985 judaeis
3058 2936 3089 2983 ,
3156 2886 3444 2967 corni·

630 3036 839 3095 cum
873 3062 903 3107 ‚
961 3016 1061 3083 ut
1118 2997 1434 3084 dicitur
1477 3056 1508 3107 ,
1563 3004 1856 3095 oculos
1911 3005 2346 3122 configere
2373 3064 2396 3087 .
2436 2998 2956 3088 Alexandria
2989 2999 3137 3105 Q&
3168 3001 3446 3123 Aegy·

632 3154 833 3250 ptus
889 3131 986 3211 in
1056 3123 1620 3245 SeptuagInta
1678 3137 1850 3217 suis
1928 3130 2466 3248 Hesychium
2542 3124 2831 3215 laudat
2909 3146 3352 3218 auctorem
3412 3188 3441 3214 .

632 3254 1441 3365 Constantinopolis
1485 3283 1762 3367 usque
1819 3253 2443 3346 Anthiochiam
2503 3317 2536 3363 ‚
2593 3256 2969 3341 Luciani
3037 3261 3447 3373 martyris

636 3382 1151 3494 exemplaria
1204 3383 1506 3491 probat
1543 3439 1566 3460 .
1627 3381 1973 3468 Mediae
2039 3389 2279 3471 inter
2336 3386 2485 3470 has
2570 3385 3082 3499 provinciae
3164 3384 3450 3471 Palae·

634 3517 912 3596 stinos
966 3501 1304 3590 codices
1366 3506 1672 3622 legunt
1705 3568 1736 3613 ‚
1799 3533 2018 3620 quos
2073 3513 2177 3593 ab
2232 3510 2619 3628 Origene
2687 3507 3153 3596 elaboratos
3184 3571 3211 3616 ,
3276 3512 3447 3598 Eu·

640 3638 920 3722 sebius
953 3690 983 3737 ‚
1046 3628 1134 3717 8<
1179 3629 1675 3745 Pamphilus
1741 3634 2321 3752 vulgaverunt
2390 3662 2414 3717 ε
2519 3654 2933 3743 totusque
2998 3636 3226 3721 orbis
3292 3638 3452 3727 hac

635 3765 871 3847 inter
936 3783 1027 3841 se
1088 3753 1417 3843 trifaria
1474 3764 1886 3846 varietate
1943 3778 2478 3878 compugnat
2527 3817 2591 3868 9,
2649 3815 2672 3842 .
2768 3759 3063 3869 ltaque
3135 3763 3272 3848 vel
3347 3763 3455 3847 ab

491 3877 500 3884 ⁸
634 3887 1166 3995 Hieronymi
1223 3900 1500 3969 aetate
1552 3881 1662 3971 de
1719 3887 2166 3972 authentia
2242 3887 2604 3997 hujusce
2660 3883 3109 3972 Versionis
3206 3890 3456 3973 licuit

638 4013 1050 4125 suspicari
1087 4065 1109 4090 .
1161 4008 1472 4122 Neque
1522 4031 1977 4125 propterea
2034 4015 2140 4097 ab
2195 4012 2668 4132 Augustini
2703 4029 3006 4097 mente
3055 4020 3151 4100 in
3198 4039 3453 4129 prae-s

640 4143 867 4223 senti
928 4140 1519 4222 controversia
1554 4194 1584 4241 ‚
1641 4166 1863 4251 quae
1925 4139 2162 4223 hunc
2232 4142 2468 4225 inter
2520 4138 2608 4226 ἃ
2664 4138 3304 4257 HIeronymum
3341 4138 3460 4224 efi-

641 4262 958 4348 ferbuit
1008 4318 1039 4363 ‚
1106 4287 1267 4345 nos
1325 4255 1786 4349 deflectere
1846 4322 1876 4369 ‚
1955 4267 2384 4376 quispiam
2451 4282 2687 4349 recte
2743 4261 3158 4370 judicaret
3213 4325 3237 4347 .
3328 4267 3457 4350 Ex

642 4418 919 4502 aequo
972 4386 1293 4470 Parens
1360 4391 1947 4476 sanctissimus
2028 4394 2125 4474 in
2217 4389 2370 4475 lib.
2421 4409 2516 4473 11.
2609 4386 2716 4476 de
2778 4390 3075 4492 Doctr.
3128 4392 3449 4477 Christ.

645 4542 831 4628 cap.
862 4534 1012 4603 xv.
1050 4509 1499 4597 Versionis
1556 4531 1757 4598 Lxx.
1793 4573 1823 4622 ‚
1888 4531 2225 4601 attenta
2279 4513 2447 4601 fide
2490 4515 3079 4631 Interpretum
3117 4576 3147 4622 ,
3183 4516 3457 4602 excel-

644 4639 1011 4724 lentiam
1069 4638 1734 4726 commendabat
1794 4699 1818 4726 .
1880 4641 2076 4727 Pari
2129 4641 2324 4752 jure
2378 4639 2964 4730 contendebat
3019 4639 3461 4757 Hierony·-

649 4790 845 4865 mus
900 4764 1172 4850 multa
1217 4768 1315 4848 in
1379 4766 2001 4879 exemplaribus
2036 4825 2067 4873 ,
2119 4793 2343 4880 quae
2417 4788 2641 4856 tunc
2696 4773 3115 4884 temporis
3193 4769 3455 4854 habe-

646 4888 965 4972 bantur
1026 4950 1056 4995 ‚
1143 4897 1461 5004 partim
1535 4895 2106 4981 scribentium
2167 4899 2386 4984 vitio
2437 4893 2955 5008 interpolata
3017 4951 3048 4998 ‚
3137 4900 3455 5007 partim

649 5033 1050 5129 corrupta
1086 5065 1121 5124 ,
1173 5019 1557 5108 fontium
1613 5026 1974 5110 veritati.
2014 5046 2197 5106 esse
2285 5021 2814 5113 restituenda
2890 5081 2914 5108 .
2985 5018 3454 5108 Caeterum

643 5165 689 5200 ‘w
2079 5145 2154 5225 F
2189 5172 2237 5229 2
3253 5144 3459 5230 Au·
