4913 6618
1520 605 1941 819 ismpensis
1996 704 2162 795 viri
2209 703 2654 794 clarissimi
2717 697 3164 794 Michaelis
3227 695 3338 790 de
3382 700 3513 825 Jai
3538 767 3571 814 ‚
3631 694 3913 794 studio
3968 712 4329 815 autem9⁴

1521 830 1612 921 81
1657 858 1919 947 opera
1980 829 2401 921 Gabrielis
2437 833 2824 919 Sionitae
2859 892 2889 937 ‚
2949 832 3037 918 ἃ
3090 833 3476 919 Abrahae
3506 835 4081 922 Eccheliensis
4147 835 4330 918 Ma·-

1523 967 2009 1047 ronitarum
2036 1019 2070 1069 ,
2128 957 2216 1047 81
2273 961 2485 1077 Joan
2500 965 2632 1043 nis
2679 958 3013 1043 Morini
3072 958 3173 1043 C.
3240 961 3352 1044 O.
3412 965 3889 1076 presbyteri
3950 1019 3978 1065 ‚
4038 961 4328 1045 charta

1527 1090 1955 1198 imperiali
1989 1144 2020 1191 ‚
2086 1088 2733 1204 elegantissimis
2780 1086 3401 1172 characteribus
3428 1145 3458 1190 ‚
3522 1090 3854 1174 Parisiis
3920 1113 4227 1172 excusa
4294 1138 4324 1166 .

1526 1213 1628 1296 ln
1687 1214 1843 1299 hac
1910 1210 2294 1298 editione
2348 1234 2790 1326 praeterea
2849 1212 3278 1297 habentur
3337 1212 3969 1300 pentateuchus
4027 1209 4325 1295 Sama·-

1529 1341 1862 1423 ritanus
1894 1397 1925 1442 ,
1989 1363 2198 1424 cum
2260 1342 2661 1424 versione
2727 1335 3661 1427 Chaldeo-Samaritana
3686 1397 3720 1441 ‚
3778 1356 4066 1423 totum
4097 1333 4325 1420 V.T.

1527 1461 1990 1578 Syriacum
2025 1520 2054 1566 ,
2114 1462 2202 1548 ἃ
2256 1482 2728 1576 utrumque
2782 1460 3318 1567 Arabicum3
3382 1462 3529 1549 sed
3579 1462 4172 1551 desiderantur
4222 1463 4325 1545 in

1526 1589 1690 1677 hoc
1749 1615 2010 1703 opere
2075 1588 2685 1705 prolegomena
2739 1644 2771 1693 ,
2865 1588 2954 1676 ἃ
3018 1613 3467 1705 apparatus
3533 1651 3563 1696 ‚
3625 1618 3847 1706 quae
3931 1588 4330 1674 inchoata

1525 1741 1720 1803 non
1781 1712 2160 1828 perfecta
2224 1732 2433 1799 sunt
2499 1746 2524 1797 ε
2592 1732 2831 1801 certe
2915 1724 3150 1830 typis
3239 1714 3647 1805 mandata
3742 1745 3929 1803 non
3992 1714 4234 1798 filere
4294 1764 4324 1793 .

1527 1836 2095 1926 Postmodum
2152 1837 2378 1926 edita
2424 1859 2633 1926 sunt
2693 1842 3117 1952 prioribus
3181 1847 3587 1931 omnibus
3607 1845 4029 1956 *ampliora
4059 1838 4329 1924 Biblia

1528 1967 2014 2084 Polyglotta
2067 1963 2439 2085 Anglica
2473 2027 2503 2072 ‚
2566 1993 2788 2079 quae
2841 1966 3026 2053 fere
3081 1965 3429 2084 decapla
3476 1990 3685 2054 sunt
3716 1996 3957 2053 anno
4006 1969 4330 2079 1567.,

1529 2115 1740 2176 cura
1794 2095 2250 2204 praecipue
2325 2094 2622 2178 Briani
2687 2094 3153 2195 Waltoni3
3218 2096 3588 2181 Persicas
3656 2099 3900 2179 enim
3934 2152 3964 2197 ‚
4024 2089 4113 2177 ἃ
4146 2087 4328 2175 Ae·-

1528 2217 1943 2329 thiopicas
2009 2224 2445 2304 versiones
2516 2219 2839 2304 habent
2875 2278 2908 2327 ,
2970 2248 3151 2303 una
3212 2247 3418 2308 cum
3448 2224 3898 2305 uberrimis
3948 2216 4336 2329 Prole-goa

1527 2347 1817 2428 menis
1850 2397 1882 2447 ‚
1944 2339 2031 2428 ἃ
2073 2364 2482 2458 apparatu
2527 2348 2624 2427 in
2687 2371 2836 2429 sex
2891 2349 3150 2433 tomis
3186 2399 3210 2424 .
3275 2349 3735 2460 Quantum
3797 2345 4001 2429 haec
4064 2336 4331 2424 editio

1530 2495 1584 2552 a
1625 2466 2083 2552 Parisiensi
2174 2476 2563 2558 vincitur
2620 2487 3037 2584 typorum
3124 2469 3543 2591 elegantia
3600 2530 3630 2575 ,
3724 2467 3810 2557 ἃ
3876 2460 4334 2578 splendore

1531 2593 1874 2680 chartae
1896 2648 1931 2699 ,
1978 2612 2329 2681 tantum
2392 2597 2810 2706 majorem
2866 2613 3233 2711 praestat
3289 2601 3810 2698 utilitatem;
3870 2597 4070 2707 quia
4121 2608 4334 2677 cum

1534 2724 1919 2832 aperitur
1948 2776 1982 2825 9
2039 2723 2294 2807 simul
2354 2725 2695 2809 exhibet
2747 2725 3014 2808 oculis
3065 2722 3389 2809 Textus
3409 2722 3888 2840 originales
3915 2778 3944 2824 ,
3976 2716 4329 2804 Versio-

1533 2870 1694 2928 nes
1730 2904 1762 2952 ,
1820 2844 1909 2932 ἃ
1955 2847 2502 2960 Paraphrases
2535 2908 2565 2953 ‚
2622 2874 2843 2961 quae
2898 2855 2993 2933 in
3053 2846 3480 2935 distinctis
3540 2852 3800 2933 tomis
3857 2848 4332 2932 continen-

1529 2988 1679 3055 tur
1727 2975 1823 3057 in
1883 2972 2338 3058 Parisiensi
2374 3033 2396 3057 .
2463 2973 2865 3059 Celebres
2922 2971 3342 3061 editiones
3404 2975 3875 3059 Bibliorum
3937 2970 4341 3057 Venetiis

1535 3095 2052 3208 prodierunt
2085 3157 2118 3205 ,
2185 3126 2405 3217 quae
2465 3101 2983 3216 polyglottae
3063 3119 3425 3213 possunt
3505 3102 3676 3186 dici
3736 3156 3768 3203 ‚
3853 3100 4055 3208 quia
4122 3121 4334 3182 cum

1528 3222 1819 3308 Textu
1883 3225 2277 3311 Hebraeo
2329 3229 2885 3338 reperiuntur
2950 3229 3494 3341 paraphrases
3586 3219 4083 3312 Chaldaicae
4149 3280 4180 3328 ,
4242 3218 4334 3305 &

1469 3345 1479 3354 ’
1533 3346 2192 3434 Commentaria
2244 3351 2840 3436 Rabbinorum
2879 3411 2904 3435 .
2968 3352 3312 3438 Veneta
3399 3355 3536 3436 illa
3617 3349 3879 3437 editio
3931 3348 4151 3433 facta
4204 3363 4337 3439 est

1535 3502 1588 3558 a
1651 3474 2014 3560 Daniele
2076 3473 2560 3595 Bombergo
2625 3505 2868 3564 anno
2935 3507 3038 3591 15
3065 3511 3205 3592 17.
3241 3537 3269 3579 ‚
3325 3475 3758 3564 &iterum
3794 3478 4267 3561 accuratius
4299 3530 4333 3578 ,

1534 3599 1625 3690 81
1703 3606 2035 3687 auctius
2125 3630 2369 3688 anno
2440 3606 2713 3716 1528.
2776 3661 2808 3708 ,
2867 3601 3052 3688 Nec
3119 3630 3304 3687 non
3355 3633 3404 3687 a
3458 3605 3850 3721 Johanne
3899 3598 4335 3688 Buxtorfio

1527 3728 1901 3816 Basileae
1947 3752 2189 3813 anno
2262 3730 2533 3815 1618.
2596 3730 2722 3814 Ex
2750 3727 3105 3813 officina
3135 3728 3717 3816 Santadreana
3762 3753 4006 3811 anno
4052 3752 4328 3839 1599.

1531 3852 2052 3969 prodierunt
2088 3854 2359 3939 Biblia
2397 3881 2606 3941 cum
2667 3856 2952 3940 Textu
3014 3856 3407 3971 originali
3438 3915 3470 3962 ‚
3524 3856 3613 3944 ἃ
3676 3855 4071 3945 versione
4134 3852 4334 3937 lati-

1529 4006 1653 4066 na
1707 3979 2031 4061 Leonis
2088 3972 2306 4094 Juda
2339 4035 2370 4082 ,
2440 3981 2692 4063 simul
2748 3977 2835 4064 81
2891 3976 3218 4065 Graeca
3280 3986 3682 4068 versione
3745 3980 4078 4064 Senum
4134 4035 4167 4083 ,
4240 3977 4331 4068 ἃ

1534 4100 1926 4214 ejusdem
1969 4101 2410 4190 Versionis
2477 4108 3196 4217 interpretatione
3251 4108 3520 4194 latina
3575 4135 3779 4194 cum
3814 4109 4044 4189 notis
4077 4104 4333 4189 Fran·

1533 4232 1744 4320 cisci
1764 4227 2103 4318 Vatabli
2126 4288 2160 4341 ,
2220 4258 2440 4347 quae
2468 4229 2823 4320 &inter
2852 4232 3325 4352 polyglotta
3349 4238 3788 4322 numerari
3815 4245 4180 4347 possunt
4207 4286 4274 4339 ‚,
4300 4286 4327 4314 .

2768 4487 2849 4596 §.
2972 4487 3087 4569 X.

2287 4733 2424 4818 De
2492 4733 2820 4822 Graeco
2877 4733 2997 4821 N.
3052 4735 3153 4820 T.
3227 4737 3520 4823 Texta
3552 4792 3576 4817 .

1532 4862 2041 5076 Graecus
2103 4979 2368 5072 modo
2427 4982 2660 5074 Novi
2722 4985 3274 5072 Testamenti
3360 4986 3686 5071 Textus
3737 5038 3772 5089 ‚
3862 5004 4132 5094 quem
4225 4978 4334 5070 ad

1533 5111 1872 5201 ταυτιήπν
1926 5136 2202 5225 usque
2259 5112 2704 5206 celebrant
2767 5112 3244 5203 Novatores
3295 5167 3334 5219 ‚
3407 5112 3776 5226 opellam
3837 5111 4094 5226 exigit
4162 5136 4332 5193 no-

3999 5248 4327 5327 Stram.
