<?xml version="1.0" encoding="UTF-8"?>
<!DOCTYPE html PUBLIC "-//W3C//DTD XHTML 1.0 Transitional//EN"
    "http://www.w3.org/TR/xhtml1/DTD/xhtml1-transitional.dtd">
<html xmlns="http://www.w3.org/1999/xhtml" xml:lang="en" lang="en">
 <head>
  <title>
</title>
<meta http-equiv="Content-Type" content="text/html;charset=utf-8" />
  <meta name='ocr-system' content='tesseract 3.04.00' />
  <meta name='ocr-capabilities' content='ocr_page ocr_carea ocr_par ocr_line ocrx_word'/>
</head>
<body>
  <div class='ocr_page' id='page_1' title='image "./deagiographiapr00caragoog_0058.png"; bbox 0 0 4913 6618; ppageno 0'>
   <div class='ocr_carea' id='block_1_1' title="bbox 1441 649 4268 5063">
    <p class='ocr_par' dir='ltr' id='par_1_1' title="bbox 1441 649 4268 5063">
     <span class='ocr_line' id='line_1_1' title="bbox 1441 649 4264 773; baseline 0.005 -34"><span class='ocrx_word' id='word_1_1' title='bbox 1441 666 1857 770; x_wconf 77' lang='lat' dir='ltr'><strong>spectum&#39;</strong></span> <span class='ocrx_word' id='word_1_2' title='bbox 1901 649 2009 743; x_wconf 87' lang='lat' dir='ltr'><strong>ad</strong></span> <span class='ocrx_word' id='word_1_3' title='bbox 2075 655 2277 742; x_wconf 90' lang='lat' dir='ltr'><strong>alios</strong></span> <span class='ocrx_word' id='word_1_4' title='bbox 2342 656 2869 772; x_wconf 86' lang='lat' dir='ltr'><strong>Interpretes</strong></span> <span class='ocrx_word' id='word_1_5' title='bbox 2939 715 2970 764; x_wconf 88' lang='lat'><strong>,</strong></span> <span class='ocrx_word' id='word_1_6' title='bbox 3060 661 3215 773; x_wconf 88' lang='lat' dir='ltr'><strong>qui</strong></span> <span class='ocrx_word' id='word_1_7' title='bbox 3282 686 3472 748; x_wconf 91' lang='lat' dir='ltr'><strong>non</strong></span> <span class='ocrx_word' id='word_1_8' title='bbox 3562 661 3684 746; x_wconf 89' lang='lat' dir='ltr'><strong>ita</strong></span> <span class='ocrx_word' id='word_1_9' title='bbox 3780 664 4264 754; x_wconf 81' lang='lat' dir='ltr'><strong>servierant</strong></span> 
     </span>
     <span class='ocr_line' id='line_1_2' title="bbox 1442 780 4268 897; baseline 0.004 -31"><span class='ocrx_word' id='word_1_10' title='bbox 1442 784 1776 872; x_wconf 83' lang='lat' dir='ltr'><strong>litterae</strong></span> <span class='ocrx_word' id='word_1_11' title='bbox 1813 844 1877 892; x_wconf 86' lang='lat'><strong>„</strong></span> <span class='ocrx_word' id='word_1_12' title='bbox 1921 842 1945 866; x_wconf 83' lang='lat'><strong>.</strong></span> <span class='ocrx_word' id='word_1_13' title='bbox 2016 780 2411 872; x_wconf 80' lang='lat' dir='ltr'><strong>Alteram</strong></span> <span class='ocrx_word' id='word_1_14' title='bbox 2454 803 2650 897; x_wconf 87' lang='lat' dir='ltr'><strong>post</strong></span> <span class='ocrx_word' id='word_1_15' title='bbox 2707 787 3152 873; x_wconf 86' lang='lat' dir='ltr'><strong>Christum</strong></span> <span class='ocrx_word' id='word_1_16' title='bbox 3207 809 3524 874; x_wconf 92' lang='lat' dir='ltr'><strong>natum</strong></span> <span class='ocrx_word' id='word_1_17' title='bbox 3577 785 3998 877; x_wconf 84' lang='lat' dir='ltr'><strong>Graecam</strong></span> <span class='ocrx_word' id='word_1_18' title='bbox 4053 791 4268 879; x_wconf 87' lang='lat' dir='ltr'><strong>Ver·</strong></span> 
     </span>
     <span class='ocr_line' id='line_1_3' title="bbox 1444 911 4257 1029; baseline 0.002 -34"><span class='ocrx_word' id='word_1_19' title='bbox 1444 915 1827 998; x_wconf 74' lang='lat' dir='ltr'><strong>sionerm</strong></span> <span class='ocrx_word' id='word_1_20' title='bbox 1843 937 2279 1029; x_wconf 81' lang='lat' dir='ltr'><strong>aggressus</strong></span> <span class='ocrx_word' id='word_1_21' title='bbox 2338 928 2469 996; x_wconf 88' lang='lat' dir='ltr'><strong>est</strong></span> <span class='ocrx_word' id='word_1_22' title='bbox 2523 911 3088 1026; x_wconf 86' lang='lat' dir='ltr'><strong>Symmachus</strong></span> <span class='ocrx_word' id='word_1_23' title='bbox 3154 970 3183 1016; x_wconf 83' lang='lat'>‚</span> <span class='ocrx_word' id='word_1_24' title='bbox 3268 915 3588 1000; x_wconf 89' lang='lat' dir='ltr'><strong>Severo</strong></span> <span class='ocrx_word' id='word_1_25' title='bbox 3668 915 4198 1029; x_wconf 86' lang='lat' dir='ltr'><strong>Imperatore</strong></span> <span class='ocrx_word' id='word_1_26' title='bbox 4232 978 4257 1002; x_wconf 89' lang='lat'><strong><em>.</em></strong></span> 
     </span>
     <span class='ocr_line' id='line_1_4' title="bbox 1444 1034 4264 1155; baseline 0.003 -32"><span class='ocrx_word' id='word_1_27' title='bbox 1444 1035 1569 1124; x_wconf 81' lang='lat' dir='ltr'><strong>Ex</strong></span> <span class='ocrx_word' id='word_1_28' title='bbox 1627 1036 2365 1125; x_wconf 86' lang='lat' dir='ltr'><strong>Samaritanorum</strong></span> <span class='ocrx_word' id='word_1_29' title='bbox 2425 1034 2718 1125; x_wconf 91' lang='lat' dir='ltr'><strong>Gente</strong></span> <span class='ocrx_word' id='word_1_30' title='bbox 2778 1035 3112 1155; x_wconf 87' lang='lat' dir='ltr'><strong>Judaeis</strong></span> <span class='ocrx_word' id='word_1_31' title='bbox 3183 1066 3514 1126; x_wconf 90' lang='lat' dir='ltr'><strong>nomen</strong></span> <span class='ocrx_word' id='word_1_32' title='bbox 3563 1037 3803 1125; x_wconf 80' lang='lat' dir='ltr'><strong>dedit</strong></span> <span class='ocrx_word' id='word_1_33' title='bbox 3836 1102 3866 1147; x_wconf 85' lang='lat'>‚</span> <span class='ocrx_word' id='word_1_34' title='bbox 3912 1049 4264 1131; x_wconf 90' lang='lat' dir='ltr'><strong>iterum-</strong></span> 
     </span>
     <span class='ocr_line' id='line_1_5' title="bbox 1451 1160 4262 1282; baseline 0.001 -30"><span class='ocrx_word' id='word_1_35' title='bbox 1451 1196 1627 1282; x_wconf 90' lang='lat' dir='ltr'><strong>que</strong></span> <span class='ocrx_word' id='word_1_36' title='bbox 1684 1192 1974 1280; x_wconf 88' lang='lat' dir='ltr'><strong>passus</strong></span> <span class='ocrx_word' id='word_1_37' title='bbox 2033 1165 2202 1250; x_wconf 84' lang='lat' dir='ltr'><strong>fuit</strong></span> <span class='ocrx_word' id='word_1_38' title='bbox 2266 1162 2771 1251; x_wconf 88' lang='lat' dir='ltr'><strong>circumcidi</strong></span> <span class='ocrx_word' id='word_1_39' title='bbox 2827 1221 2858 1266; x_wconf 70' lang='lat'>9</span> <span class='ocrx_word' id='word_1_40' title='bbox 2938 1160 3259 1249; x_wconf 88' lang='lat' dir='ltr'><strong>deinde</strong></span> <span class='ocrx_word' id='word_1_41' title='bbox 3325 1171 3419 1249; x_wconf 87' lang='lat' dir='ltr'><strong>in</strong></span> <span class='ocrx_word' id='word_1_42' title='bbox 3483 1166 4014 1255; x_wconf 87' lang='lat' dir='ltr'><strong>Christianos</strong></span> <span class='ocrx_word' id='word_1_43' title='bbox 4072 1196 4262 1259; x_wconf 91' lang='lat' dir='ltr'><strong>coo·</strong></span> 
     </span>
     <span class='ocr_line' id='line_1_6' title="bbox 1450 1287 4264 1409; baseline 0.001 -29"><span class='ocrx_word' id='word_1_44' title='bbox 1450 1314 1740 1409; x_wconf 89' lang='lat' dir='ltr'><strong>ptatus</strong></span> <span class='ocrx_word' id='word_1_45' title='bbox 1768 1352 1796 1396; x_wconf 87' lang='lat'>‚</span> <span class='ocrx_word' id='word_1_46' title='bbox 1846 1317 1944 1375; x_wconf 92' lang='lat' dir='ltr'><strong>ac</strong></span> <span class='ocrx_word' id='word_1_47' title='bbox 1992 1287 2355 1375; x_wconf 85' lang='lat' dir='ltr'><strong>tandem</strong></span> <span class='ocrx_word' id='word_1_48' title='bbox 2397 1289 2998 1375; x_wconf 90' lang='lat' dir='ltr'><strong>Ebionitarum</strong></span> <span class='ocrx_word' id='word_1_49' title='bbox 3031 1289 3210 1376; x_wconf 89' lang='lat' dir='ltr'><strong>fere</strong></span> <span class='ocrx_word' id='word_1_50' title='bbox 3244 1297 3650 1405; x_wconf 86' lang='lat' dir='ltr'><strong>princeps</strong></span> <span class='ocrx_word' id='word_1_51' title='bbox 3686 1299 3952 1382; x_wconf 89' lang='lat' dir='ltr'><strong>evasit</strong></span> <span class='ocrx_word' id='word_1_52' title='bbox 3987 1354 4017 1400; x_wconf 82' lang='lat'><strong>‚</strong></span> <span class='ocrx_word' id='word_1_53' title='bbox 4048 1294 4264 1382; x_wconf 90' lang='lat' dir='ltr'><strong>adeo</strong></span> 
     </span>
     <span class='ocr_line' id='line_1_7' title="bbox 1450 1413 4251 1531; baseline 0.001 -26"><span class='ocrx_word' id='word_1_54' title='bbox 1450 1439 1618 1527; x_wconf 87' lang='lat' dir='ltr'><strong>ut,</strong></span> <span class='ocrx_word' id='word_1_55' title='bbox 1684 1417 2195 1531; x_wconf 87' lang='lat' dir='ltr'><strong>perhibente</strong></span> <span class='ocrx_word' id='word_1_56' title='bbox 2265 1414 2351 1498; x_wconf 88' lang='lat' dir='ltr'><strong>S.</strong></span> <span class='ocrx_word' id='word_1_57' title='bbox 2379 1413 2476 1495; x_wconf 84' lang='lat' dir='ltr'><strong>P.</strong></span> <span class='ocrx_word' id='word_1_58' title='bbox 2547 1413 3049 1531; x_wconf 73' lang='lat' dir='ltr'><strong>AugustIno</strong></span> <span class='ocrx_word' id='word_1_59' title='bbox 3125 1418 3269 1502; x_wconf 89' lang='lat' dir='ltr'><strong>lib.</strong></span> <span class='ocrx_word' id='word_1_60' title='bbox 3309 1439 3397 1501; x_wconf 89' lang='lat'><strong>11.</strong></span> <span class='ocrx_word' id='word_1_61' title='bbox 3481 1439 3763 1504; x_wconf 89' lang='lat' dir='ltr'><strong>contr.</strong></span> <span class='ocrx_word' id='word_1_62' title='bbox 3833 1422 4251 1508; x_wconf 87' lang='lat' dir='ltr'><strong>Crescon.</strong></span> 
     </span>
     <span class='ocr_line' id='line_1_8' title="bbox 1449 1537 4258 1660; baseline 0.002 -30"><span class='ocrx_word' id='word_1_63' title='bbox 1449 1569 1640 1660; x_wconf 85' lang='lat' dir='ltr'><strong>eap.</strong></span> <span class='ocrx_word' id='word_1_64' title='bbox 1667 1561 1905 1630; x_wconf 78' lang='lat' dir='ltr'><strong>xxxl.</strong></span> <span class='ocrx_word' id='word_1_65' title='bbox 1943 1599 1973 1644; x_wconf 85' lang='lat'>‚</span> <span class='ocrx_word' id='word_1_66' title='bbox 2033 1541 2485 1627; x_wconf 89' lang='lat' dir='ltr'><strong>Ebionitae</strong></span> <span class='ocrx_word' id='word_1_67' title='bbox 2551 1537 3075 1656; x_wconf 87' lang='lat' dir='ltr'><strong>quandoque</strong></span> <span class='ocrx_word' id='word_1_68' title='bbox 3136 1572 3183 1628; x_wconf 90' lang='lat' dir='ltr'><strong>a</strong></span> <span class='ocrx_word' id='word_1_69' title='bbox 3237 1545 3619 1630; x_wconf 89' lang='lat' dir='ltr'><strong>Patribus</strong></span> <span class='ocrx_word' id='word_1_70' title='bbox 3672 1545 3880 1632; x_wconf 90' lang='lat' dir='ltr'><strong>dicti</strong></span> <span class='ocrx_word' id='word_1_71' title='bbox 3928 1546 4258 1637; x_wconf 79' lang='lat' dir='ltr'><strong>fiJerint</strong></span> 
     </span>
     <span class='ocr_line' id='line_1_9' title="bbox 1451 1666 4258 1786; baseline 0.001 -29"><span class='ocrx_word' id='word_1_72' title='bbox 1451 1670 2151 1786; x_wconf 75' lang='lat' dir='ltr'><strong>symmachiani.</strong></span> <span class='ocrx_word' id='word_1_73' title='bbox 2211 1669 2314 1750; x_wconf 89' lang='lat' dir='ltr'><strong>In</strong></span> <span class='ocrx_word' id='word_1_74' title='bbox 2377 1666 2565 1775; x_wconf 80' lang='lat' dir='ltr'><strong>ejus</strong></span> <span class='ocrx_word' id='word_1_75' title='bbox 2622 1671 3025 1754; x_wconf 88' lang='lat' dir='ltr'><strong>versione</strong></span> <span class='ocrx_word' id='word_1_76' title='bbox 3057 1728 3087 1775; x_wconf 88' lang='lat'>‚</span> <span class='ocrx_word' id='word_1_77' title='bbox 3156 1696 3343 1754; x_wconf 90' lang='lat' dir='ltr'><strong>non</strong></span> <span class='ocrx_word' id='word_1_78' title='bbox 3373 1674 3738 1759; x_wconf 88' lang='lat' dir='ltr'><strong>verbum</strong></span> <span class='ocrx_word' id='word_1_79' title='bbox 3770 1674 4034 1759; x_wconf 89' lang='lat' dir='ltr'><strong>verbo</strong></span> <span class='ocrx_word' id='word_1_80' title='bbox 4065 1674 4258 1760; x_wconf 90' lang='lat' dir='ltr'><strong>red·-</strong></span> 
     </span>
     <span class='ocr_line' id='line_1_10' title="bbox 1455 1791 4262 1915; baseline 0.001 -33"><span class='ocrx_word' id='word_1_81' title='bbox 1455 1795 1673 1887; x_wconf 88' lang='lat' dir='ltr'><strong>didit</strong></span> <span class='ocrx_word' id='word_1_82' title='bbox 1706 1855 1736 1902; x_wconf 78' lang='grc'>,</span> <span class='ocrx_word' id='word_1_83' title='bbox 1805 1791 2040 1909; x_wconf 89' lang='lat' dir='ltr'><strong>quod</strong></span> <span class='ocrx_word' id='word_1_84' title='bbox 2103 1792 2421 1906; x_wconf 87' lang='lat' dir='ltr'><strong>Aquila</strong></span> <span class='ocrx_word' id='word_1_85' title='bbox 2477 1791 2685 1880; x_wconf 83' lang='lat' dir='ltr'><strong>fecit</strong></span> <span class='ocrx_word' id='word_1_86' title='bbox 2719 1852 2749 1897; x_wconf 85' lang='lat'><strong>,</strong></span> <span class='ocrx_word' id='word_1_87' title='bbox 2805 1791 2954 1879; x_wconf 90' lang='lat' dir='ltr'><strong>sed</strong></span> <span class='ocrx_word' id='word_1_88' title='bbox 3014 1795 3634 1915; x_wconf 81' lang='lat' dir='ltr'><strong>intelligentiae</strong></span> <span class='ocrx_word' id='word_1_89' title='bbox 3690 1796 4095 1884; x_wconf 86' lang='lat' dir='ltr'><strong>ordinem</strong></span> <span class='ocrx_word' id='word_1_90' title='bbox 4127 1828 4262 1887; x_wconf 69' lang='lat' dir='ltr'><strong>se·-</strong></span> 
     </span>
     <span class='ocr_line' id='line_1_11' title="bbox 1457 1916 4257 2038; baseline 0.003 -31"><span class='ocrx_word' id='word_1_91' title='bbox 1457 1945 1781 2038; x_wconf 85' lang='lat' dir='ltr'><strong>quutus</strong></span> <span class='ocrx_word' id='word_1_92' title='bbox 1828 1944 1959 2007; x_wconf 90' lang='lat' dir='ltr'><strong>est</strong></span> <span class='ocrx_word' id='word_1_93' title='bbox 1995 1979 2025 2025; x_wconf 81' lang='grc'><em>,</em></span> <span class='ocrx_word' id='word_1_94' title='bbox 2079 1918 2167 2006; x_wconf 74' lang='grc' dir='ltr'>ἃ</span> <span class='ocrx_word' id='word_1_95' title='bbox 2222 1922 2514 2004; x_wconf 83' lang='lat' dir='ltr'><strong>minus</strong></span> <span class='ocrx_word' id='word_1_96' title='bbox 2567 1918 2781 2004; x_wconf 87' lang='lat' dir='ltr'><strong>fidus</strong></span> <span class='ocrx_word' id='word_1_97' title='bbox 2837 1925 3263 2035; x_wconf 85' lang='lat' dir='ltr'><strong>interpres</strong></span> <span class='ocrx_word' id='word_1_98' title='bbox 3297 1980 3322 2024; x_wconf 87' lang='lat'>‚</span> <span class='ocrx_word' id='word_1_99' title='bbox 3386 1949 3485 2007; x_wconf 90' lang='lat' dir='ltr'><strong>ac</strong></span> <span class='ocrx_word' id='word_1_100' title='bbox 3554 1922 3814 2010; x_wconf 81' lang='lat' dir='ltr'><strong>fiJerit</strong></span> <span class='ocrx_word' id='word_1_101' title='bbox 3880 1916 4257 2038; x_wconf 82' lang='lat' dir='ltr'><strong>Aquila,</strong></span> 
     </span>
     <span class='ocr_line' id='line_1_12' title="bbox 1457 2046 4261 2166; baseline 0.001 -30"><span class='ocrx_word' id='word_1_102' title='bbox 1457 2055 2054 2149; x_wconf 56' lang='lat' dir='ltr'><strong>existimatum</strong></span> <span class='ocrx_word' id='word_1_103' title='bbox 2116 2049 2509 2155; x_wconf 89' lang='lat' dir='ltr'><strong>quamvis</strong></span> <span class='ocrx_word' id='word_1_104' title='bbox 2553 2046 2818 2131; x_wconf 93' lang='lat' dir='ltr'><strong>hocce</strong></span> <span class='ocrx_word' id='word_1_105' title='bbox 2863 2052 2972 2131; x_wconf 89' lang='lat' dir='ltr'><strong>sit</strong></span> <span class='ocrx_word' id='word_1_106' title='bbox 3029 2050 3389 2153; x_wconf 84' lang='lat' dir='ltr'><strong>clarior,</strong></span> <span class='ocrx_word' id='word_1_107' title='bbox 3437 2048 3525 2137; x_wconf 67' lang='lat'><strong>8&lt;</strong></span> <span class='ocrx_word' id='word_1_108' title='bbox 3568 2065 3767 2132; x_wconf 82' lang='lat' dir='ltr'>Lxx.</span> <span class='ocrx_word' id='word_1_109' title='bbox 3826 2051 4261 2166; x_wconf 86' lang='lat' dir='ltr'><strong>Interpre-</strong></span> 
     </span>
     <span class='ocr_line' id='line_1_13' title="bbox 1453 2167 4256 2292; baseline 0.001 -31"><span class='ocrx_word' id='word_1_110' title='bbox 1453 2178 1683 2261; x_wconf 89' lang='lat' dir='ltr'><strong>tibus</strong></span> <span class='ocrx_word' id='word_1_111' title='bbox 1744 2177 2011 2292; x_wconf 89' lang='lat' dir='ltr'><strong>magis</strong></span> <span class='ocrx_word' id='word_1_112' title='bbox 2059 2167 2520 2256; x_wconf 86' lang='lat' dir='ltr'><strong>adhaerens</strong></span> <span class='ocrx_word' id='word_1_113' title='bbox 2562 2231 2584 2252; x_wconf 88' lang='lat'><strong>.</strong></span> <span class='ocrx_word' id='word_1_114' title='bbox 2668 2172 2971 2261; x_wconf 86' lang='lat' dir='ltr'><strong>Tertio</strong></span> <span class='ocrx_word' id='word_1_115' title='bbox 3050 2173 3242 2259; x_wconf 95' lang='lat' dir='ltr'><strong>loco</strong></span> <span class='ocrx_word' id='word_1_116' title='bbox 3319 2179 3572 2263; x_wconf 88' lang='lat' dir='ltr'><strong>venit</strong></span> <span class='ocrx_word' id='word_1_117' title='bbox 3670 2176 3812 2259; x_wconf 88' lang='lat' dir='ltr'><strong>illa</strong></span> <span class='ocrx_word' id='word_1_118' title='bbox 3889 2175 4193 2264; x_wconf 90' lang='lat' dir='ltr'><strong>Versio</strong></span> <span class='ocrx_word' id='word_1_119' title='bbox 4225 2238 4256 2287; x_wconf 87' lang='lat'><strong>,</strong></span> 
     </span>
     <span class='ocr_line' id='line_1_14' title="bbox 1455 2293 4260 2415; baseline 0.001 -29"><span class='ocrx_word' id='word_1_120' title='bbox 1455 2329 1720 2415; x_wconf 90' lang='lat' dir='ltr'><strong>quam</strong></span> <span class='ocrx_word' id='word_1_121' title='bbox 1769 2301 2103 2385; x_wconf 88' lang='lat' dir='ltr'><strong>curavit</strong></span> <span class='ocrx_word' id='word_1_122' title='bbox 2155 2293 2693 2383; x_wconf 89' lang='lat' dir='ltr'><strong>Theodotion</strong></span> <span class='ocrx_word' id='word_1_123' title='bbox 2729 2357 2758 2405; x_wconf 88' lang='lat'><strong><em>‚</em></strong></span> <span class='ocrx_word' id='word_1_124' title='bbox 2813 2297 3205 2386; x_wconf 91' lang='lat' dir='ltr'><strong>Comodo</strong></span> <span class='ocrx_word' id='word_1_125' title='bbox 3261 2300 3541 2387; x_wconf 87' lang='lat' dir='ltr'><strong>Marci</strong></span> <span class='ocrx_word' id='word_1_126' title='bbox 3607 2300 3778 2384; x_wconf 84' lang='lat' dir='ltr'><strong>filio</strong></span> <span class='ocrx_word' id='word_1_127' title='bbox 3809 2305 4260 2415; x_wconf 86' lang='lat' dir='ltr'><strong>imperan-</strong></span> 
     </span>
     <span class='ocr_line' id='line_1_15' title="bbox 1455 2423 4262 2542; baseline 0 -29"><span class='ocrx_word' id='word_1_128' title='bbox 1455 2448 1546 2513; x_wconf 88' lang='lat' dir='ltr'><strong>te</strong></span> <span class='ocrx_word' id='word_1_129' title='bbox 1582 2486 1606 2511; x_wconf 88' lang='lat'><strong>.</strong></span> <span class='ocrx_word' id='word_1_130' title='bbox 1678 2424 1855 2511; x_wconf 88' lang='lat' dir='ltr'><strong>Alii</strong></span> <span class='ocrx_word' id='word_1_131' title='bbox 1915 2429 2278 2510; x_wconf 84' lang='lat' dir='ltr'><strong>natione</strong></span> <span class='ocrx_word' id='word_1_132' title='bbox 2334 2423 2803 2510; x_wconf 85' lang='lat' dir='ltr'><strong>Ponticum</strong></span> <span class='ocrx_word' id='word_1_133' title='bbox 2838 2485 2868 2531; x_wconf 84' lang='lat'><strong>,</strong></span> <span class='ocrx_word' id='word_1_134' title='bbox 2934 2426 3494 2541; x_wconf 88' lang='lat' dir='ltr'><strong>Synopaeum</strong></span> <span class='ocrx_word' id='word_1_135' title='bbox 3555 2432 3829 2540; x_wconf 88' lang='lat' dir='ltr'><strong>patria</strong></span> <span class='ocrx_word' id='word_1_136' title='bbox 3864 2486 3893 2531; x_wconf 86' lang='lat'>‚</span> <span class='ocrx_word' id='word_1_137' title='bbox 3925 2448 4028 2513; x_wconf 93' lang='lat' dir='ltr'><strong>ut</strong></span> <span class='ocrx_word' id='word_1_138' title='bbox 4073 2430 4262 2542; x_wconf 88' lang='lat' dir='ltr'><strong>Epi-</strong></span> 
     </span>
     <span class='ocr_line' id='line_1_16' title="bbox 1455 2548 4258 2667; baseline 0.001 -30"><span class='ocrx_word' id='word_1_139' title='bbox 1455 2555 1878 2667; x_wconf 81' lang='lat' dir='ltr'><strong>phanius3</strong></span> <span class='ocrx_word' id='word_1_140' title='bbox 1935 2549 2076 2635; x_wconf 89' lang='lat' dir='ltr'><strong>alii</strong></span> <span class='ocrx_word' id='word_1_141' title='bbox 2128 2548 2662 2661; x_wconf 89' lang='lat' dir='ltr'><strong>Ephesinum</strong></span> <span class='ocrx_word' id='word_1_142' title='bbox 2720 2569 3042 2639; x_wconf 85' lang='lat' dir='ltr'><strong>vocant</strong></span> <span class='ocrx_word' id='word_1_143' title='bbox 3108 2581 3318 2639; x_wconf 88' lang='lat' dir='ltr'><strong>cum</strong></span> <span class='ocrx_word' id='word_1_144' title='bbox 3368 2555 3772 2638; x_wconf 89' lang='lat' dir='ltr'><strong>lraenaeo</strong></span> <span class='ocrx_word' id='word_1_145' title='bbox 3830 2612 3852 2636; x_wconf 89' lang='lat'><strong>.</strong></span> <span class='ocrx_word' id='word_1_146' title='bbox 3937 2553 4258 2642; x_wconf 78' lang='lat' dir='ltr'><strong>Christi</strong></span> 
     </span>
     <span class='ocr_line' id='line_1_17' title="bbox 1459 2673 4258 2792; baseline 0.003 -30"><span class='ocrx_word' id='word_1_147' title='bbox 1459 2676 1724 2764; x_wconf 88' lang='lat' dir='ltr'><strong>fidem</strong></span> <span class='ocrx_word' id='word_1_148' title='bbox 1771 2678 2205 2792; x_wconf 82' lang='lat' dir='ltr'><strong>amplexus</strong></span> <span class='ocrx_word' id='word_1_149' title='bbox 2253 2673 2568 2763; x_wconf 89' lang='lat' dir='ltr'><strong>defecit</strong></span> <span class='ocrx_word' id='word_1_150' title='bbox 2625 2675 2733 2761; x_wconf 88' lang='lat' dir='ltr'><strong>ad</strong></span> <span class='ocrx_word' id='word_1_151' title='bbox 2792 2680 3231 2764; x_wconf 89' lang='lat' dir='ltr'><strong>Ebionitas</strong></span> <span class='ocrx_word' id='word_1_152' title='bbox 3270 2738 3299 2781; x_wconf 81' lang='grc'><em>,</em></span> <span class='ocrx_word' id='word_1_153' title='bbox 3365 2678 3453 2766; x_wconf 74' lang='grc' dir='ltr'>ἃ</span> <span class='ocrx_word' id='word_1_154' title='bbox 3503 2679 4060 2765; x_wconf 88' lang='lat' dir='ltr'><strong>Marcionitas</strong></span> <span class='ocrx_word' id='word_1_155' title='bbox 4088 2736 4120 2784; x_wconf 86' lang='lat'><strong>,</strong></span> <span class='ocrx_word' id='word_1_156' title='bbox 4158 2710 4258 2770; x_wconf 89' lang='lat' dir='ltr'><strong>ac</strong></span> 
     </span>
     <span class='ocr_line' id='line_1_18' title="bbox 1460 2802 4256 2895; baseline 0.002 -6"><span class='ocrx_word' id='word_1_157' title='bbox 1460 2803 1823 2893; x_wconf 88' lang='lat' dir='ltr'><strong>tandem</strong></span> <span class='ocrx_word' id='word_1_158' title='bbox 1873 2807 2106 2888; x_wconf 89' lang='lat' dir='ltr'><strong>inter</strong></span> <span class='ocrx_word' id='word_1_159' title='bbox 2159 2807 2710 2891; x_wconf 87' lang='lat' dir='ltr'><strong>circumcisos</strong></span> <span class='ocrx_word' id='word_1_160' title='bbox 2782 2805 3057 2890; x_wconf 87' lang='lat' dir='ltr'><strong>voluit</strong></span> <span class='ocrx_word' id='word_1_161' title='bbox 3121 2802 3671 2890; x_wconf 88' lang='lat' dir='ltr'><strong>adnumerari</strong></span> <span class='ocrx_word' id='word_1_162' title='bbox 3699 2844 3729 2884; x_wconf 87' lang='lat'><strong>·.</strong></span> <span class='ocrx_word' id='word_1_163' title='bbox 3790 2803 4094 2890; x_wconf 89' lang='lat' dir='ltr'><strong>Minus</strong></span> <span class='ocrx_word' id='word_1_164' title='bbox 4156 2837 4256 2895; x_wconf 89' lang='lat' dir='ltr'><strong>ac</strong></span> 
     </span>
     <span class='ocr_line' id='line_1_19' title="bbox 1456 2928 4257 3043; baseline 0.002 -28"><span class='ocrx_word' id='word_1_165' title='bbox 1456 2934 1775 3016; x_wconf 90' lang='lat' dir='ltr'><strong>caeteri</strong></span> <span class='ocrx_word' id='word_1_166' title='bbox 1836 2955 2122 3043; x_wconf 90' lang='lat' dir='ltr'><strong>nuper</strong></span> <span class='ocrx_word' id='word_1_167' title='bbox 2182 2932 2637 3015; x_wconf 89' lang='lat' dir='ltr'><strong>memorati</strong></span> <span class='ocrx_word' id='word_1_168' title='bbox 2693 2933 2788 3012; x_wconf 85' lang='lat' dir='ltr'><strong>in</strong></span> <span class='ocrx_word' id='word_1_169' title='bbox 2840 2928 3264 3016; x_wconf 86' lang='lat' dir='ltr'><strong>Versione</strong></span> <span class='ocrx_word' id='word_1_170' title='bbox 3328 2933 3515 3042; x_wconf 89' lang='lat' dir='ltr'><strong>ejus</strong></span> <span class='ocrx_word' id='word_1_171' title='bbox 3597 2960 3645 3016; x_wconf 91' lang='lat' dir='ltr'><strong>a</strong></span> <span class='ocrx_word' id='word_1_172' title='bbox 3729 2948 3932 3014; x_wconf 83' lang='lat' dir='ltr'><strong>Lxx.</strong></span> <span class='ocrx_word' id='word_1_173' title='bbox 4003 2930 4257 3020; x_wconf 83' lang='lat' dir='ltr'><strong>defle-</strong></span> 
     </span>
     <span class='ocr_line' id='line_1_20' title="bbox 1457 3054 4259 3169; baseline 0.002 -30"><span class='ocrx_word' id='word_1_174' title='bbox 1457 3065 1583 3142; x_wconf 80' lang='lat' dir='ltr'><strong>xit</strong></span> <span class='ocrx_word' id='word_1_175' title='bbox 1617 3116 1648 3163; x_wconf 83' lang='grc'><em>,</em></span> <span class='ocrx_word' id='word_1_176' title='bbox 1703 3074 1964 3169; x_wconf 89' lang='lat' dir='ltr'><strong>atque</strong></span> <span class='ocrx_word' id='word_1_177' title='bbox 2019 3057 2228 3141; x_wconf 89' lang='lat' dir='ltr'><strong>hinc</strong></span> <span class='ocrx_word' id='word_1_178' title='bbox 2283 3055 2615 3143; x_wconf 86' lang='lat' dir='ltr'><strong>factum</strong></span> <span class='ocrx_word' id='word_1_179' title='bbox 2671 3075 2800 3141; x_wconf 91' lang='lat' dir='ltr'><strong>est</strong></span> <span class='ocrx_word' id='word_1_180' title='bbox 2853 3117 2884 3164; x_wconf 82' lang='grc'><em>,</em></span> <span class='ocrx_word' id='word_1_181' title='bbox 2975 3076 3076 3141; x_wconf 89' lang='lat' dir='ltr'><strong>ut</strong></span> <span class='ocrx_word' id='word_1_182' title='bbox 3141 3061 3288 3141; x_wconf 87' lang='lat' dir='ltr'><strong>ubi</strong></span> <span class='ocrx_word' id='word_1_183' title='bbox 3346 3054 3819 3143; x_wconf 87' lang='lat' dir='ltr'><strong>deficerent</strong></span> <span class='ocrx_word' id='word_1_184' title='bbox 3881 3061 4022 3142; x_wconf 72' lang='lat' dir='ltr'><strong>Isti</strong></span> <span class='ocrx_word' id='word_1_185' title='bbox 4062 3118 4092 3165; x_wconf 89' lang='lat'>‚</span> <span class='ocrx_word' id='word_1_186' title='bbox 4156 3089 4259 3145; x_wconf 78' lang='lat' dir='ltr'><strong>ex</strong></span> 
     </span>
     <span class='ocr_line' id='line_1_21' title="bbox 1460 3182 4258 3300; baseline 0.001 -31"><span class='ocrx_word' id='word_1_187' title='bbox 1460 3182 2062 3269; x_wconf 88' lang='lat' dir='ltr'><strong>Theodotione</strong></span> <span class='ocrx_word' id='word_1_188' title='bbox 2100 3242 2129 3287; x_wconf 83' lang='grc'>,</span> <span class='ocrx_word' id='word_1_189' title='bbox 2183 3188 2335 3294; x_wconf 86' lang='lat' dir='ltr'><strong>qui</strong></span> <span class='ocrx_word' id='word_1_190' title='bbox 2366 3185 2538 3267; x_wconf 87' lang='lat' dir='ltr'><strong>stili</strong></span> <span class='ocrx_word' id='word_1_191' title='bbox 2572 3242 2601 3288; x_wconf 82' lang='lat'>‚</span> <span class='ocrx_word' id='word_1_192' title='bbox 2658 3201 2747 3266; x_wconf 91' lang='lat' dir='ltr'><strong>et</strong></span> <span class='ocrx_word' id='word_1_193' title='bbox 2773 3188 3182 3269; x_wconf 88' lang='lat' dir='ltr'><strong>orationis</strong></span> <span class='ocrx_word' id='word_1_194' title='bbox 3228 3211 3546 3300; x_wconf 89' lang='lat' dir='ltr'><strong>genere</strong></span> <span class='ocrx_word' id='word_1_195' title='bbox 3600 3184 3953 3268; x_wconf 81' lang='lat' dir='ltr'><strong>similior</strong></span> <span class='ocrx_word' id='word_1_196' title='bbox 4018 3205 4199 3272; x_wconf 89' lang='lat' dir='ltr'><strong>erat</strong></span> <span class='ocrx_word' id='word_1_197' title='bbox 4227 3244 4258 3292; x_wconf 88' lang='lat'><em>‚</em></span> 
     </span>
     <span class='ocr_line' id='line_1_22' title="bbox 1458 3309 4258 3425; baseline 0.003 -33"><span class='ocrx_word' id='word_1_198' title='bbox 1458 3313 2057 3423; x_wconf 86' lang='lat' dir='ltr'><strong>supplementa</strong></span> <span class='ocrx_word' id='word_1_199' title='bbox 2121 3328 2634 3422; x_wconf 84' lang='lat' dir='ltr'><strong>peterentur</strong></span> <span class='ocrx_word' id='word_1_200' title='bbox 2670 3368 2694 3390; x_wconf 90' lang='lat'><strong>.</strong></span> <span class='ocrx_word' id='word_1_201' title='bbox 2763 3309 2903 3395; x_wconf 90' lang='lat' dir='ltr'><strong>Sic</strong></span> <span class='ocrx_word' id='word_1_202' title='bbox 2959 3314 3205 3395; x_wconf 89' lang='lat' dir='ltr'><strong>enim</strong></span> <span class='ocrx_word' id='word_1_203' title='bbox 3257 3312 3854 3425; x_wconf 86' lang='lat' dir='ltr'><strong>Hieronymus</strong></span> <span class='ocrx_word' id='word_1_204' title='bbox 3898 3329 4258 3400; x_wconf 89' lang='lat' dir='ltr'><strong>testatur</strong></span> 
     </span>
     <span class='ocr_line' id='line_1_23' title="bbox 1456 3434 4259 3553; baseline 0.004 -35"><span class='ocrx_word' id='word_1_205' title='bbox 1456 3439 1554 3519; x_wconf 84' lang='lat' dir='ltr'><strong>in</strong></span> <span class='ocrx_word' id='word_1_206' title='bbox 1610 3436 1793 3546; x_wconf 90' lang='lat' dir='ltr'><strong>ejus</strong></span> <span class='ocrx_word' id='word_1_207' title='bbox 1848 3434 2388 3522; x_wconf 79' lang='lat' dir='ltr'><strong>praefatione</strong></span> <span class='ocrx_word' id='word_1_208' title='bbox 2459 3440 2557 3522; x_wconf 89' lang='lat' dir='ltr'><strong>in</strong></span> <span class='ocrx_word' id='word_1_209' title='bbox 2624 3436 3079 3522; x_wconf 88' lang='lat' dir='ltr'><strong>Danielem</strong></span> <span class='ocrx_word' id='word_1_210' title='bbox 3133 3438 3575 3523; x_wconf 73' lang='lat' dir='ltr'><strong>scribensz</strong></span> <span class='ocrx_word' id='word_1_211' title='bbox 3639 3434 3854 3520; x_wconf 87' lang='lat' dir='ltr'><strong>Illud</strong></span> <span class='ocrx_word' id='word_1_212' title='bbox 3910 3468 4259 3553; x_wconf 83' lang='lat' dir='ltr'><strong>quoque</strong></span> 
     </span>
     <span class='ocr_line' id='line_1_24' title="bbox 1453 3559 4262 3679; baseline 0.003 -35"><span class='ocrx_word' id='word_1_213' title='bbox 1453 3562 1871 3649; x_wconf 89' lang='lat' dir='ltr'><strong>lectorem</strong></span> <span class='ocrx_word' id='word_1_214' title='bbox 1916 3559 2349 3649; x_wconf 88' lang='lat' dir='ltr'><strong>admoneo</strong></span> <span class='ocrx_word' id='word_1_215' title='bbox 2380 3619 2407 3669; x_wconf 83' lang='lat'><strong>,</strong></span> <span class='ocrx_word' id='word_1_216' title='bbox 2475 3589 2659 3647; x_wconf 91' lang='lat' dir='ltr'><strong>non</strong></span> <span class='ocrx_word' id='word_1_217' title='bbox 2753 3563 3206 3648; x_wconf 89' lang='lat' dir='ltr'><strong>Danielem</strong></span> <span class='ocrx_word' id='word_1_218' title='bbox 3265 3562 3502 3673; x_wconf 79' lang='lat' dir='ltr'><strong>juxta</strong></span> <span class='ocrx_word' id='word_1_219' title='bbox 3559 3580 3764 3647; x_wconf 80' lang='lat' dir='ltr'><strong>Lxx.</strong></span> <span class='ocrx_word' id='word_1_220' title='bbox 3828 3561 4262 3679; x_wconf 86' lang='lat' dir='ltr'><strong>Interpre-</strong></span> 
     </span>
     <span class='ocr_line' id='line_1_25' title="bbox 1454 3686 4262 3808; baseline 0.001 -34"><span class='ocrx_word' id='word_1_221' title='bbox 1454 3706 1586 3775; x_wconf 91' lang='lat' dir='ltr'><strong>tes</strong></span> <span class='ocrx_word' id='word_1_222' title='bbox 1623 3723 1652 3794; x_wconf 75' lang='grc' dir='ltr'><strong>ς</strong></span> <span class='ocrx_word' id='word_1_223' title='bbox 1682 3688 1863 3808; x_wconf 49' lang='lat' dir='ltr'><strong>§ed</strong></span> <span class='ocrx_word' id='word_1_224' title='bbox 1927 3690 2160 3800; x_wconf 83' lang='lat' dir='ltr'><strong>juxta</strong></span> <span class='ocrx_word' id='word_1_225' title='bbox 2221 3686 2918 3775; x_wconf 89' lang='lat' dir='ltr'><strong>Theodotionem</strong></span> <span class='ocrx_word' id='word_1_226' title='bbox 2948 3691 3361 3776; x_wconf 89' lang='lat' dir='ltr'><strong>Ecclesias</strong></span> <span class='ocrx_word' id='word_1_227' title='bbox 3391 3692 3669 3808; x_wconf 88' lang='lat' dir='ltr'><strong>legere</strong></span> <span class='ocrx_word' id='word_1_228' title='bbox 3700 3752 3727 3794; x_wconf 88' lang='lat'>‚</span> <span class='ocrx_word' id='word_1_229' title='bbox 3770 3692 3922 3801; x_wconf 91' lang='lat' dir='ltr'><strong>qui</strong></span> <span class='ocrx_word' id='word_1_230' title='bbox 3954 3694 4262 3804; x_wconf 86' lang='lat' dir='ltr'><strong>utique</strong></span> 
     </span>
     <span class='ocr_line' id='line_1_26' title="bbox 1456 3813 4260 3930; baseline 0.001 -29"><span class='ocrx_word' id='word_1_231' title='bbox 1456 3833 1654 3930; x_wconf 86' lang='lat' dir='ltr'><strong>post</strong></span> <span class='ocrx_word' id='word_1_232' title='bbox 1716 3816 2195 3906; x_wconf 88' lang='lat' dir='ltr'><strong>adventum</strong></span> <span class='ocrx_word' id='word_1_233' title='bbox 2257 3817 2581 3902; x_wconf 89' lang='lat' dir='ltr'><strong>Christi</strong></span> <span class='ocrx_word' id='word_1_234' title='bbox 2637 3813 3135 3899; x_wconf 88' lang='lat' dir='ltr'><strong>incredulus</strong></span> <span class='ocrx_word' id='word_1_235' title='bbox 3188 3815 3356 3902; x_wconf 85' lang='lat' dir='ltr'><strong>fuit</strong></span> <span class='ocrx_word' id='word_1_236' title='bbox 3402 3874 3465 3921; x_wconf 67' lang='lat'><strong>9,</strong></span> <span class='ocrx_word' id='word_1_237' title='bbox 3524 3874 3547 3899; x_wconf 84' lang='lat'><strong>.</strong></span> <span class='ocrx_word' id='word_1_238' title='bbox 3608 3817 3995 3924; x_wconf 77' lang='lat' dir='ltr'><strong>Huiusce</strong></span> <span class='ocrx_word' id='word_1_239' title='bbox 4060 3822 4260 3904; x_wconf 81' lang='lat' dir='ltr'><strong>sub-</strong></span> 
     </span>
     <span class='ocr_line' id='line_1_27' title="bbox 1459 3939 4256 4050; baseline 0.002 -25"><span class='ocrx_word' id='word_1_240' title='bbox 1459 3946 1935 4028; x_wconf 89' lang='lat' dir='ltr'><strong>stitutionis</strong></span> <span class='ocrx_word' id='word_1_241' title='bbox 1983 3943 2210 4027; x_wconf 88' lang='lat' dir='ltr'><strong>hanc</strong></span> <span class='ocrx_word' id='word_1_242' title='bbox 2242 3939 2520 4024; x_wconf 89' lang='lat' dir='ltr'><strong>reddit</strong></span> <span class='ocrx_word' id='word_1_243' title='bbox 2545 3942 2969 4026; x_wconf 87' lang='lat' dir='ltr'><strong>rationem</strong></span> <span class='ocrx_word' id='word_1_244' title='bbox 3003 3941 3227 4026; x_wconf 90' lang='lat' dir='ltr'><strong>Bern</strong></span> <span class='ocrx_word' id='word_1_245' title='bbox 3240 3939 3487 4026; x_wconf 89' lang='lat' dir='ltr'><strong>ardus</strong></span> <span class='ocrx_word' id='word_1_246' title='bbox 3520 3941 4256 4050; x_wconf 77' lang='lat' dir='ltr'><strong>Monfauconius3</strong></span> 
     </span>
     <span class='ocr_line' id='line_1_28' title="bbox 1457 4067 4258 4183; baseline 0.002 -33"><span class='ocrx_word' id='word_1_247' title='bbox 1457 4072 1664 4179; x_wconf 89' lang='lat' dir='ltr'><strong>quia</strong></span> <span class='ocrx_word' id='word_1_248' title='bbox 1724 4073 1820 4152; x_wconf 87' lang='lat' dir='ltr'><strong>in</strong></span> <span class='ocrx_word' id='word_1_249' title='bbox 1874 4084 2076 4151; x_wconf 79' lang='lat' dir='ltr'><strong>Lxx.</strong></span> <span class='ocrx_word' id='word_1_250' title='bbox 2134 4067 2758 4179; x_wconf 89' lang='lat' dir='ltr'><strong>Interpretibus</strong></span> <span class='ocrx_word' id='word_1_251' title='bbox 2817 4084 2997 4152; x_wconf 90' lang='lat' dir='ltr'><strong>tota</strong></span> <span class='ocrx_word' id='word_1_252' title='bbox 3053 4072 3308 4153; x_wconf 90' lang='lat' dir='ltr'><strong>series</strong></span> <span class='ocrx_word' id='word_1_253' title='bbox 3378 4088 3923 4181; x_wconf 90' lang='lat' dir='ltr'><strong>praepostere</strong></span> <span class='ocrx_word' id='word_1_254' title='bbox 3985 4077 4258 4183; x_wconf 89' lang='lat' dir='ltr'><strong>posita</strong></span> 
     </span>
     <span class='ocr_line' id='line_1_29' title="bbox 1459 4188 4258 4300; baseline 0 -21"><span class='ocrx_word' id='word_1_255' title='bbox 1459 4210 1644 4279; x_wconf 88' lang='lat' dir='ltr'><strong>erat</strong></span> <span class='ocrx_word' id='word_1_256' title='bbox 1686 4253 1716 4300; x_wconf 83' lang='grc'>,</span> <span class='ocrx_word' id='word_1_257' title='bbox 1757 4196 1962 4280; x_wconf 91' lang='lat' dir='ltr'><strong>licet</strong></span> <span class='ocrx_word' id='word_1_258' title='bbox 2022 4196 2102 4277; x_wconf 89' lang='lat' dir='ltr'><strong>ei</strong></span> <span class='ocrx_word' id='word_1_259' title='bbox 2150 4191 2575 4278; x_wconf 86' lang='lat' dir='ltr'><strong>medicam</strong></span> <span class='ocrx_word' id='word_1_260' title='bbox 2630 4188 3088 4283; x_wconf 88' lang='lat' dir='ltr'><strong>admovere</strong></span> <span class='ocrx_word' id='word_1_261' title='bbox 3142 4221 3512 4281; x_wconf 88' lang='lat' dir='ltr'><strong>manum</strong></span> <span class='ocrx_word' id='word_1_262' title='bbox 3551 4198 4020 4282; x_wconf 86' lang='lat' dir='ltr'><strong>tentaverit</strong></span> <span class='ocrx_word' id='word_1_263' title='bbox 4071 4196 4258 4281; x_wconf 90' lang='lat' dir='ltr'><strong>Ori·</strong></span> 
     </span>
     <span class='ocr_line' id='line_1_30' title="bbox 1461 4317 4254 4437; baseline 0.002 -33"><span class='ocrx_word' id='word_1_264' title='bbox 1461 4347 1728 4433; x_wconf 89' lang='lat' dir='ltr'><strong>genes</strong></span> <span class='ocrx_word' id='word_1_265' title='bbox 1769 4376 1791 4405; x_wconf 87' lang='lat'><strong>.</strong></span> <span class='ocrx_word' id='word_1_266' title='bbox 1862 4317 2030 4405; x_wconf 90' lang='lat' dir='ltr'><strong>Sed</strong></span> <span class='ocrx_word' id='word_1_267' title='bbox 2076 4321 2254 4430; x_wconf 83' lang='lat' dir='ltr'><strong>jam</strong></span> <span class='ocrx_word' id='word_1_268' title='bbox 2316 4338 2444 4405; x_wconf 90' lang='lat' dir='ltr'><strong>est</strong></span> <span class='ocrx_word' id='word_1_269' title='bbox 2499 4319 3123 4431; x_wconf 75' lang='lat' dir='ltr'><strong>inquitendum</strong></span> <span class='ocrx_word' id='word_1_270' title='bbox 3157 4380 3184 4424; x_wconf 84' lang='lat'>‚</span> <span class='ocrx_word' id='word_1_271' title='bbox 3237 4348 3348 4403; x_wconf 88' lang='lat' dir='ltr'><strong>an</strong></span> <span class='ocrx_word' id='word_1_272' title='bbox 3420 4321 3980 4437; x_wconf 86' lang='lat' dir='ltr'><strong>Symmachus</strong></span> <span class='ocrx_word' id='word_1_273' title='bbox 4031 4342 4254 4410; x_wconf 88' lang='lat' dir='ltr'><strong>tem·</strong></span> 
     </span>
     <span class='ocr_line' id='line_1_31' title="bbox 1458 4444 4259 4564; baseline 0 -32"><span class='ocrx_word' id='word_1_274' title='bbox 1458 4473 1670 4558; x_wconf 88' lang='lat' dir='ltr'><strong>pore</strong></span> <span class='ocrx_word' id='word_1_275' title='bbox 1735 4451 2192 4561; x_wconf 85' lang='lat' dir='ltr'><strong>praeiverit</strong></span> <span class='ocrx_word' id='word_1_276' title='bbox 2246 4444 2893 4532; x_wconf 73' lang='lat' dir='ltr'><strong>Theodotioni?</strong></span> <span class='ocrx_word' id='word_1_277' title='bbox 2954 4448 3338 4530; x_wconf 88' lang='lat' dir='ltr'><strong>Dubium</strong></span> <span class='ocrx_word' id='word_1_278' title='bbox 3424 4476 3609 4533; x_wconf 91' lang='lat' dir='ltr'><strong>non</strong></span> <span class='ocrx_word' id='word_1_279' title='bbox 3675 4465 3804 4533; x_wconf 90' lang='lat' dir='ltr'><strong>est</strong></span> <span class='ocrx_word' id='word_1_280' title='bbox 3864 4447 4259 4564; x_wconf 86' lang='lat' dir='ltr'><strong>Symma-</strong></span> 
     </span>
     <span class='ocr_line' id='line_1_32' title="bbox 1455 4570 4256 4680; baseline 0.001 -22"><span class='ocrx_word' id='word_1_281' title='bbox 1455 4574 1719 4659; x_wconf 87' lang='lat' dir='ltr'><strong>chum</strong></span> <span class='ocrx_word' id='word_1_282' title='bbox 1779 4576 1937 4658; x_wconf 89' lang='lat' dir='ltr'><strong>sub</strong></span> <span class='ocrx_word' id='word_1_283' title='bbox 2003 4572 2319 4658; x_wconf 88' lang='lat' dir='ltr'><strong>Severo</strong></span> <span class='ocrx_word' id='word_1_284' title='bbox 2352 4627 2381 4675; x_wconf 88' lang='lat'>‚</span> <span class='ocrx_word' id='word_1_285' title='bbox 2439 4570 3136 4658; x_wconf 87' lang='lat' dir='ltr'><strong>Theodotionem</strong></span> <span class='ocrx_word' id='word_1_286' title='bbox 3200 4574 3356 4656; x_wconf 90' lang='lat' dir='ltr'><strong>sub</strong></span> <span class='ocrx_word' id='word_1_287' title='bbox 3420 4570 3907 4660; x_wconf 89' lang='lat' dir='ltr'><strong>Commodo</strong></span> <span class='ocrx_word' id='word_1_288' title='bbox 3942 4633 3973 4680; x_wconf 82' lang='grc'><em>,</em></span> <span class='ocrx_word' id='word_1_289' title='bbox 4034 4574 4256 4660; x_wconf 88' lang='lat' dir='ltr'><strong>Scri-</strong></span> 
     </span>
     <span class='ocr_line' id='line_1_33' title="bbox 1461 4694 4258 4814; baseline 0.001 -33"><span class='ocrx_word' id='word_1_290' title='bbox 1461 4717 1758 4810; x_wconf 86' lang='lat' dir='ltr'><strong>pturas</strong></span> <span class='ocrx_word' id='word_1_291' title='bbox 1814 4723 1994 4782; x_wconf 90' lang='lat' dir='ltr'><strong>esse</strong></span> <span class='ocrx_word' id='word_1_292' title='bbox 2050 4701 2714 4808; x_wconf 77' lang='lat' dir='ltr'><strong>interpretatos3</strong></span> <span class='ocrx_word' id='word_1_293' title='bbox 2783 4702 3107 4812; x_wconf 85' lang='lat' dir='ltr'><strong>quippe</strong></span> <span class='ocrx_word' id='word_1_294' title='bbox 3173 4694 3405 4810; x_wconf 91' lang='lat' dir='ltr'><strong>quod</strong></span> <span class='ocrx_word' id='word_1_295' title='bbox 3467 4699 3845 4814; x_wconf 86' lang='lat' dir='ltr'><strong>idipsum</strong></span> <span class='ocrx_word' id='word_1_296' title='bbox 3908 4704 4258 4813; x_wconf 87' lang='lat' dir='ltr'><strong>apertis-</strong></span> 
     </span>
     <span class='ocr_line' id='line_1_34' title="bbox 1459 4820 4260 4938; baseline 0.004 -32"><span class='ocrx_word' id='word_1_297' title='bbox 1459 4825 1678 4908; x_wconf 87' lang='lat' dir='ltr'><strong>sime</strong></span> <span class='ocrx_word' id='word_1_298' title='bbox 1740 4820 2086 4907; x_wconf 86' lang='lat' dir='ltr'><strong>tradant</strong></span> <span class='ocrx_word' id='word_1_299' title='bbox 2150 4821 2665 4930; x_wconf 84' lang='lat' dir='ltr'><strong>Athanasius</strong></span> <span class='ocrx_word' id='word_1_300' title='bbox 2703 4880 2732 4928; x_wconf 88' lang='lat'>‚</span> <span class='ocrx_word' id='word_1_301' title='bbox 2792 4824 2880 4912; x_wconf 69' lang='grc'><strong>8(</strong></span> <span class='ocrx_word' id='word_1_302' title='bbox 2943 4826 3529 4938; x_wconf 85' lang='lat' dir='ltr'><strong>Epiphanius,</strong></span> <span class='ocrx_word' id='word_1_303' title='bbox 3588 4845 3809 4913; x_wconf 90' lang='lat' dir='ltr'><strong>teste</strong></span> <span class='ocrx_word' id='word_1_304' title='bbox 3851 4827 3996 4910; x_wconf 88' lang='lat' dir='ltr'><strong>lib.</strong></span> <span class='ocrx_word' id='word_1_305' title='bbox 4018 4846 4111 4909; x_wconf 86' lang='lat'><strong>11.</strong></span> <span class='ocrx_word' id='word_1_306' title='bbox 4148 4829 4260 4916; x_wconf 83' lang='lat' dir='ltr'><strong>de</strong></span> 
     </span>
     <span class='ocr_line' id='line_1_35' title="bbox 1470 4947 4261 5063; baseline 0.001 -26"><span class='ocrx_word' id='word_1_307' title='bbox 1470 4951 1750 5037; x_wconf 82' lang='lat' dir='ltr'><strong>Verbo</strong></span> <span class='ocrx_word' id='word_1_308' title='bbox 1796 4952 1964 5036; x_wconf 80' lang='lat' dir='ltr'><strong>Dei</strong></span> <span class='ocrx_word' id='word_1_309' title='bbox 2024 4953 2343 5063; x_wconf 68' lang='lat' dir='ltr'><strong>scripto</strong></span> <span class='ocrx_word' id='word_1_310' title='bbox 2403 4947 2892 5037; x_wconf 89' lang='lat' dir='ltr'><strong>doctissimo</strong></span> <span class='ocrx_word' id='word_1_311' title='bbox 2951 4951 3445 5038; x_wconf 86' lang='lat' dir='ltr'><strong>Belarmino</strong></span> <span class='ocrx_word' id='word_1_312' title='bbox 3480 5011 3503 5036; x_wconf 84' lang='lat'><strong>.</strong></span> <span class='ocrx_word' id='word_1_313' title='bbox 3569 4949 3724 5036; x_wconf 79' lang='lat' dir='ltr'><strong>At-</strong></span> <span class='ocrx_word' id='word_1_314' title='bbox 3748 4957 4110 5038; x_wconf 87' lang='lat' dir='ltr'><strong>nemine</strong></span> <span class='ocrx_word' id='word_1_315' title='bbox 4141 4950 4261 5041; x_wconf 85' lang='lat' dir='ltr'><strong>di·-</strong></span> 
     </span>
    </p>
   </div>
   <div class='ocr_carea' id='block_1_2' title="bbox 1460 5075 4257 5294">
    <p class='ocr_par' dir='ltr' id='par_1_2' title="bbox 1460 5075 4257 5294">
     <span class='ocr_line' id='line_1_36' title="bbox 1460 5075 4257 5193; baseline 0.003 -33"><span class='ocrx_word' id='word_1_316' title='bbox 1460 5093 1910 5191; x_wconf 85' lang='lat' dir='ltr'><strong>screpante</strong></span> <span class='ocrx_word' id='word_1_317' title='bbox 1932 5132 1969 5185; x_wconf 71' lang='lat'><em>2</em></span> <span class='ocrx_word' id='word_1_318' title='bbox 2025 5076 2348 5167; x_wconf 87' lang='lat' dir='ltr'><strong>Lucius</strong></span> <span class='ocrx_word' id='word_1_319' title='bbox 2413 5075 2814 5165; x_wconf 89' lang='lat' dir='ltr'><strong>Aurelius</strong></span> <span class='ocrx_word' id='word_1_320' title='bbox 2878 5075 3428 5170; x_wconf 72' lang='lat' dir='ltr'><strong>Commodus,</strong></span> <span class='ocrx_word' id='word_1_321' title='bbox 3482 5097 3692 5166; x_wconf 89' lang='lat' dir='ltr'><strong>ante</strong></span> <span class='ocrx_word' id='word_1_322' title='bbox 3739 5078 4257 5193; x_wconf 89' lang='lat' dir='ltr'><strong>Septimium</strong></span> 
     </span>
     <span class='ocr_line' id='line_1_37' title="bbox 4099 5203 4256 5294; baseline 0.051 -8"><span class='ocrx_word' id='word_1_323' title='bbox 4099 5203 4256 5294; x_wconf 87' lang='lat' dir='ltr'><strong>Se-</strong></span> 
     </span>
    </p>
   </div>
  </div>
 </body>
</html>
