4913 6618
1500 695 1952 797 tamquam
2011 681 2283 797 ipsis3
2341 679 2504 769 ista
2533 694 2745 771 vero
2771 693 3215 794 tanquam
3248 671 3436 770 Deo
3462 703 3619 798 per
3649 682 3875 799 ipsos
3903 683 4298 803 loquenti

1497 803 2096 915 judicarentur
2147 831 2331 893 esse
2392 801 2854 894 tribuenda
2911 837 2942 910 ς
3039 833 3141 895 ac
3204 812 3326 893 sic
3388 810 3527 895 illa
3586 817 4135 922 pertinerent
4187 815 4300 906 ad

1492 933 1973 1023 ubertatem
2003 934 2529 1052 cognitionis
2562 990 2594 1038 ,
2652 932 2862 1019 haec
2894 930 3002 1017 ad
3026 933 3505 1053 Religionis
3527 941 4126 1027 auctoritatem
4153 1001 4176 1023 .
4218 961 4290 1051 „·

1338 1104 1353 1123 x
1496 1050 1746 1146 Hinc
1809 1085 2043 1173 pene
2089 1059 2688 1171 compellimur
2717 1115 2751 1164 ,
2811 1076 2912 1144 ut
2944 1057 3399 1149 indefinite
3430 1066 3999 1176 approbemus
4033 1067 4293 1153 libros

1497 1181 1703 1266 alios
1759 1238 1792 1288 ,
1875 1205 2216 1297 praeter
2271 1203 2662 1299 receptos
2725 1186 2831 1269 ab
2895 1181 3154 1271 Esdra
3201 1242 3236 1295 ,
3293 1186 3502 1272 olim
3573 1187 3900 1303 Spiritu
3972 1190 4297 1279 Sancto

1496 1302 1870 1392 afflante
1902 1366 1935 1416 ,
1998 1305 2259 1396 tuisse
2315 1312 2852 1422 conscriptos
2908 1368 2940 1416 ‚
3022 1316 3175 1423 qui
3230 1331 3526 1399 tamen
3589 1370 3623 1418 ‚
3717 1341 3927 1402 cum
3983 1319 4080 1400 in
4143 1343 4294 1401 au-

1493 1435 1887 1517 ctoritate
1943 1432 2332 1521 Canonis
2362 1492 2399 1541 ,
2458 1438 2631 1519 nisi
2681 1435 2903 1520 forte
2935 1437 3209 1522 incise
3230 1495 3264 1545 ,
3325 1436 3413 1525 ἃ
3443 1464 3601 1550 per
3628 1443 4066 1553 pericopas
4099 1467 4291 1526 non

1494 1559 1675 1642 sint
1727 1552 2141 1665 admissi,
2201 1586 2708 1673 quanquam
2759 1558 3034 1649 adhuc
3092 1582 3634 1676 superessent
3665 1621 3698 1670 ‚
3760 1568 4054 1652 multis
4118 1592 4291 1650 no-

1493 1682 1880 1766 minibus
1929 1681 2134 1768 fidei
2177 1702 2468 1770 essent
2513 1703 2950 1797 suspectae
2987 1745 3010 1769 .
3079 1688 3482 1774 Sentiant
3515 1748 3546 1793 ‚
3610 1693 3917 1800 quibus
3949 1693 4230 1804 placet
4253 1744 4288 1798 2

1494 1802 1900 1894 credibile
1951 1835 2143 1896 non
2211 1835 2449 1916 esse,
2511 1811 2761 1896 libros
2813 1808 3154 1898 divinos
3232 1818 3409 1901 cito
3462 1815 3727 1902 fuisse
3792 1821 4216 1929 perituros
4256 1870 4290 1922 ,

1493 1947 2054 2046 nostramque
2139 1938 2671 2023 sententiam
2733 1934 3131 2052 Judaicae
3216 1939 3639 2026 Ecclesiae
3695 1997 3727 2044 ,
3812 1961 3961 2027 aut
4028 1946 4291 2027 etiam

1494 2049 1844 2143 divinae
1904 2059 2508 2177 Providentiae
2570 2058 2973 2178 derogare
3013 2095 3037 2146 ε
3104 2063 3549 2175 Ejusmodi
3600 2069 4070 2157 rationibus
4102 2067 4292 2156 nul⁴

1492 2176 1833 2269 latenus
1892 2212 2343 2299 possumus
2405 2191 3003 2276 commoveri.
4276 2214 4282 2219 ·

2701 2452 2785 2558 §.
2909 2445 3108 2528 11L

2427 2694 2564 2777 De
2621 2694 2912 2780 Texta
2954 2692 3339 2779 Hebraeo
3362 2748 3388 2775 .

1486 2826 1977 3027 Hebraea
2030 2943 2326 3059 lingua
2392 2948 2987 3030 communiter
3055 2957 3354 3027 sancta
3420 2998 3452 3045 ‚
3545 2966 3716 3029 nec
3779 2942 4284 3049 immeritoj

1482 3065 2021 3179 praedicatur
2058 3127 2080 3149 .
2145 3069 2381 3154 Haec
2438 3064 2975 3187 Πςῶτοπλαςῇ
3034 3068 3402 3180 aequalis
3488 3068 3585 3149 in
3672 3086 4055 3180 posteros
4118 3065 4287 3151 Pa·-

1482 3193 1884 3280 triarchas
1911 3252 1942 3297 ‚
2004 3192 2211 3277 Seth
2245 3249 2277 3296 ,
2338 3192 2573 3279 Enos
2609 3251 2641 3299 ,
2703 3194 3073 3279 Cainam
3111 3250 3142 3296 ‚
3204 3191 3596 3276 Malaleel
3635 3249 3667 3297 ,
3727 3191 3964 3277 Iared
3999 3251 4029 3297 ‚
4094 3193 4285 3275 He-

1482 3320 1715 3406 noch
1738 3379 1771 3426 ,
1831 3317 2403 3404 Mathusalem
2438 3377 2471 3425 ,
2531 3319 2913 3406 Lamech
2980 3378 3012 3423 ,
3071 3319 3264 3402 Noe
3320 3314 3739 3405 derivavit
3775 3378 3796 3401 .
3863 3317 4007 3403 Ad
4071 3315 4288 3400 dilu-

1478 3449 1729 3530 vium
1784 3471 2058 3557 usque
2084 3503 2117 3550 ,
2179 3442 2564 3557 illudque
2625 3464 2970 3557 tempus
3000 3498 3034 3548 ,
3099 3470 3274 3555 quo
3322 3444 3716 3526 homines
3748 3440 3856 3527 de
3889 3460 4289 3529 extruen-

1476 3563 1587 3656 da
1651 3569 2027 3658 Civitate
2060 3626 2094 3674 ,
2152 3568 2241 3657 ἃ
2301 3575 2522 3654 turri
2575 3577 3181 3689 cogitaverunt
3211 3624 3244 3672 ‚
3307 3564 3674 3653 fideliter
3738 3583 3869 3651 est
3924 3594 4284 3654 asserva-

1474 3709 1625 3781 tae
1697 3691 2136 3808 Siquidem
2182 3690 2693 3781 eorumdem
2755 3697 2878 3778 illi
2940 3690 3214 3778 adhuc
3283 3709 3536 3774 erant
3597 3718 4102 3776 sermonum
4126 3749 4159 3796 ,
4184 3707 4287 3775 ut

1338 3883 1347 3889 -
1471 3851 1575 3911 ex
1631 3816 1858 3907 Gen.
1908 3845 2098 3929 cap.
2126 3840 2250 3902 x1.
2310 3850 2398 3905 v.
2449 3851 2525 3900 1.
2579 3832 2927 3904 constat
2963 3872 2985 3894 .
3048 3813 3680 3930 superinducta
3743 3844 3794 3900 a
3844 3816 4033 3901 Deo
4100 3817 4283 3901 lin-

1470 3970 1689 4066 guae
1750 3968 2054 4032 eorum
2112 3940 2515 4028 confusio
2579 3997 2613 4048 ,
2711 3940 2818 4026 ad
2898 3938 3635 4053 compescendum
3718 3943 4286 4054 superborum

1469 4073 1786 4157 fastum
1817 4122 1854 4173 ‚
1913 4091 2101 4150 non
2153 4068 2482 4153 obstitit
2541 4123 2576 4166 ,
2644 4071 2860 4180 quin
2925 4069 3020 4148 in
3078 4070 3220 4179 pia
3295 4064 3921 4179 benedictaque
3981 4097 4033 4152 a
4094 4067 4285 4151 Deo

1469 4197 1886 4314 progenie
1948 4190 2151 4276 Sem
2211 4195 2707 4307 persisteret
2769 4198 3275 4305 incorrupta
3308 4249 3338 4295 ‚
3400 4189 3489 4276 81
3539 4190 3647 4277 ad
3677 4191 4110 4276 Abraham
4143 4215 4281 4304 po·

1462 4340 1913 4435 sterosque
1969 4322 2153 4402 eins
2204 4376 2237 4425 ‚
2296 4316 2524 4404 Isaac
2590 4374 2623 4424 ,
2675 4318 2937 4435 Jacob
2993 4375 3026 4422 ,
3090 4343 3188 4402 ac
3246 4313 3706 4403 duodecim
3762 4316 4284 4402 patriarchas

1467 4449 1722 4560 hujus
1777 4447 1992 4532 filios
2057 4458 2667 4561 propagaretur
2733 4501 2755 4525 .
2803 4481 2808 4488 ·
2851 4445 3238 4560 Elegerat
3310 4442 3540 4526 Deus
3637 4441 4046 4555 Moysem
4082 4498 4117 4548 ‚
4179 4457 4281 4531 ut

1465 4576 1763 4690 lingua
1818 4565 2052 4684 apud
2102 4569 2285 4654 illos
2337 4573 2690 4686 vigente
2749 4625 2783 4673 ‚
2847 4598 2952 4655 ex
3016 4570 3325 4680 quibus
3387 4564 3748 4653 tandem
3817 4562 4280 4680 aliquando

1466 4697 1827 4786 Messias
1889 4698 2262 4780 oriturus
2324 4712 2506 4778 erat
2538 4752 2569 4799 ,
2628 4696 2912 4812 legem
2945 4709 3320 4780 exararet
3354 4750 3377 4774 .
3445 4693 3867 4812 Colligere
3901 4692 4110 4776 hinc
4145 4705 4278 4779 est

1464 4825 1853 4941 linguam
1878 4838 2265 4908 sanctam
2290 4822 2694 4906 omnium
2730 4847 2912 4906 esse
2944 4821 3611 4908 vetustissimam
3646 4877 3678 4925 ,
3742 4812 3977 4929 quod
4009 4818 4275 4902 etiam

1464 4951 1739 5062 liquet
1792 4975 1899 5034 ex
1949 4947 2186 5031 Sacri
2233 4947 2559 5031 Textus
2618 4948 3128 5033 nominibus
3182 4946 3547 5056 propriis
3609 4998 3641 5045 ‚
3734 4967 4108 5055 quorum
4166 4966 4272 5025 ex

1387 5074 1393 5081 ’
1468 5074 1888 5163 radicibus
1937 5071 2383 5161 Hebraicis
2448 5069 2834 5158 redditur
2892 5075 3109 5157 ratio
3133 5127 3167 5176 ,
3209 5071 3307 5155 in
3362 5069 3678 5186 linguis
3742 5093 3950 5156 vero
4000 5082 4271 5211 caete·

4139 5213 4269 5275 ns
