4913 6618
3209 516 3328 605 23

521 666 641 729 ne
669 642 839 743 ‚ita
883 631 970 723 8<
1001 638 1097 718 in
1129 635 1670 751 septuaginta
1716 653 2156 713 annorum
2220 626 2697 710 miserrima
2760 622 3271 736 captivitate
3305 674 3337 724 ,

516 781 1031 881 potestatem
1066 818 1095 865 ,
1127 766 1487 870 inquam
1518 818 1547 861 ‚
1579 757 1738 840 illis
1799 753 2116 839 fecerat
2173 755 2548 866 patrium
2583 746 2960 831 adeundi
2997 745 3272 833 solum
3299 801 3332 851 ,

520 892 1123 1006 templumque
1190 879 1847 975 reaedificandi.
1912 882 2396 967 praeeunte
2444 875 2963 961 Zorobabele
3027 931 3055 976 ,
3118 872 3333 952 aliis-

525 1045 698 1128 que
761 1017 1140 1100 Ducibus
1177 1072 1205 1117 ,
1270 1041 1485 1124 quos
1545 1015 1778 1093 inter
1817 1009 2076 1123 Josue
2110 1066 2140 1112 ‚
2193 1004 2281 1092 ἃ
2338 1004 2800 1087 Nehemias
2861 1058 2890 1100 ‚
2964 996 3332 1109 populus

523 1144 772 1227 Israel
826 1145 1231 1253 pristinas
1287 1144 1605 1226 viserat
1659 1132 1896 1219 sedes
1935 1195 1962 1237 ‚
1997 1136 2084 1223 &
2140 1132 2600 1251 Jerusalem
2665 1128 2914 1240 petiit
2944 1183 2972 1225 ,
3036 1125 3180 1205 ubi
3218 1124 3334 1225 al·

523 1285 706 1354 tare
756 1269 945 1352 Deo
998 1267 1261 1348 erexit
1314 1324 1344 1368 ‚
1407 1265 1996 1350 holocaustum
2062 1260 2369 1345 obtulit
2430 1316 2460 1361 ,
2525 1256 3334 1359 solemnitatemque

520 1393 1275 1480 tabernaculorum
1314 1452 1341 1496 ‚
1377 1395 1598 1475 sicut
1662 1391 2078 1497 scriptum
2136 1405 2315 1471 erat
2373 1387 2468 1467 in
2519 1382 2704 1496 lege
2738 1379 3030 1489 Moysi
3067 1431 3098 1478 ,
3130 1373 3333 1457 fide-

524 1521 724 1603 liter
782 1519 1241 1603 celebravit
1275 1575 1297 1598 .
1364 1516 1907 1599 Samaritanis
1970 1515 2280 1598 frustra
2345 1508 2920 1593 renitentibus
2958 1563 2985 1604 ‚
3025 1529 3129 1583 ex
3182 1504 3332 1584 in·-

528 1643 971 1760 dulgentia
1029 1643 1264 1726 Darii
1294 1646 1564 1725 latum
1591 1671 1637 1723 a
1675 1640 1920 1751 Cyro
1952 1636 2399 1723 decretum
2467 1632 3063 1716 confirmantis
3101 1685 3128 1729 ‚
3160 1653 3337 1709 sex·

527 1789 623 1856 to
668 1773 919 1887 regni
981 1770 1202 1852 illius
1265 1796 1567 1870 anno,
1596 1765 2065 1875 Templum
2119 1768 2283 1849 init
2324 1758 2798 1846 absolutum
2838 1755 3080 1860 ‚Deo
3135 1757 3334 1866 piis-

528 1900 745 1979 sime
809 1894 1185 1979 dicatum
1223 1952 1253 1995 ‚
1284 1893 1372 1980 <31
1417 1893 1736 1976 Pascha
1799 1889 1938 1974 die
2002 1888 2636 2003 quartadecima
2694 1886 3013 1969 mensis
3072 1882 3334 1991 primi

526 2020 1066 2104 immolatum
1100 2077 1122 2100 .
1189 2020 1395 2105 Post
1449 2020 1653 2102 haec
1709 2077 1737 2122 ,
1792 2014 2054 2101 Esdra
2117 2017 2387 2100 scriba
2439 2012 2877 2096 Artaxersi
2934 2033 3336 2120 peracce-

526 2162 725 2256 ptus
762 2203 790 2246 ,
825 2149 918 2227 in
975 2145 1161 2260 lege
1214 2145 1385 2228 Dei
1438 2143 1678 2228 Coeli
1734 2146 2348 2227 versatisSImus
2381 2197 2410 2242 ,
2475 2141 2925 2248 assumptis
2990 2134 3340 2217 comiti·-

523 2271 683 2352 bus
714 2327 742 2372 ,
775 2266 882 2353 de
937 2270 1384 2381 Babylone
1432 2270 1895 2386 Jerusalem
1929 2264 2316 2354 ascendit
2353 2324 2383 2368 ‚
2413 2282 2674 2375 atque
2704 2266 2938 2345 inter
2971 2259 3338 2365 reliquas

530 2397 848 2507 pietate
907 2396 1205 2505 plenas
1245 2454 1271 2497 ,
1304 2399 1728 2505 omnique
1790 2396 2252 2507 praeconio
2309 2389 2610 2509 dignas
2667 2389 2852 2499 ejus
2916 2385 3332 2469 sollicitu-

530 2518 781 2603 dines
816 2520 1102 2623 ,illam
1156 2521 1294 2605 vel
1360 2523 1726 2603 maxime
1806 2518 1915 2603 de
2001 2521 2454 2605 Sacrorum
2515 2512 2945 2601 Codicum
3001 2514 3336 2593 instau-

529 2648 865 2728 ratione
896 2703 923 2747 ‚
959 2640 1216 2729 corde
1253 2702 1285 2749 ,
1317 2644 1405 2732 ἅ
1451 2648 1747 2730 animo
1800 2649 2057 2761 gessit
2097 2705 2118 2729 .
2190 2641 2445 2729 Haud
2513 2643 2720 2728 levis
2776 2643 2951 2751 jam
3012 2635 3335 2720 subori-

525 2788 671 2853 tur
725 2766 1287 2882 disceptatio,
1344 2758 1464 2854 'an
1527 2771 1853 2854 scilicet
1908 2769 2168 2855 Esdra
2230 2770 2552 2882 Spiritu
2608 2770 2928 2855 Sancto
2983 2757 3335 2849 afflatus

525 2897 785 2979 libros
843 2922 1151 2981 omnes
1202 2900 1515 2980 veteris
1559 2896 1764 3012 legis
1791 2954 1820 2999 ,
1846 2902 2160 3006 partim
2216 2901 2311 2979 in
2371 2894 3161 3006 Hierosolymitano
3212 2914 3342 2970 ex-

525 3016 755 3107 cidio
790 3079 817 3123 ‚
852 3024 1165 3131 partlm
1224 3024 1316 3103 in
1393 3025 1891 3134 captivitate
1946 3018 2432 3136 deperditos
2461 3024 2866 3123 ,noviter
2920 3013 3338 3117 ediderit,

526 3146 667 3233 vel
722 3151 1005 3258 potius
1062 3147 1314 3229 libros
1379 3166 1509 3231 tot
1560 3167 2056 3260 temporum
2143 3146 2868 3235 vicissitudinibus
2953 3147 3342 3252 interpo-

524 3270 737 3355 latos
775 3330 805 3375 ‚
840 3291 1102 3386 atque
1157 3291 1598 3386 corruptos
1636 3336 1664 3379 ,
1733 3274 2154 3395 redegerit
2211 3278 2304 3358 in
2378 3302 2664 3359 unum
2729 3273 3136 3361 volumen
3209 3293 3340 3351 ca·-

526 3400 874 3514 stigatos
907 3457 934 3498 ‚
965 3397 1052 3484 ἃ
1114 3397 1612 3482 emendatos
1648 3406 1682 3484 ἓ
1715 3402 1836 3484 Ex
1894 3407 2249 3489 vetustis
2314 3404 2701 3487 Patribus
2739 3465 2764 3501 ,
2823 3400 2908 3483 S.
2938 3401 3335 3482 Irenaeus

525 3522 670 3606 lib.
700 3540 829 3604 111.
882 3523 1283 3609 adversus
1346 3525 1574 3608 haer.
1643 3552 1829 3638 cap.
1874 3555 1921 3608 2
1942 3556 2026 3637 5.
2069 3584 2097 3627 ‚
2130 3523 2387 3610 modo
2448 3556 2497 3609 2
2526 3560 2551 3607 ι
2576 3585 2598 3606 .
2638 3585 2666 3628 ,
2702 3525 3111 3610 Clemens
3144 3519 3347 3604 Ale-

526 3645 1003 3733 xandrinus
1060 3650 1206 3730 lib.
1259 3679 1335 3730 1.
1390 3649 1794 3734 Stromat.
1826 3710 1856 3755 ,
1920 3652 2273 3735 Basilius
2321 3654 2415 3734 in
2479 3651 2835 3763 'epistola
2889 3648 2994 3731 ad
3060 3645 3346 3730 Chilo·

526 3799 743 3858 nem
810 3782 1142 3884 primae
1199 3775 1887 3890 subscripserunt
1975 3780 2465 3859 sententiae
2537 3833 2565 3878 ,
2618 3801 2839 3885 quae
2902 3773 2990 3860 ἃ
3044 3796 3347 3855 recen·

525 3901 853 3983 tiorum
920 3927 1105 3983 non
1177 3903 1469 4012 paucis
1519 3900 1833 3988 arridet
1867 3962 1889 3985 .
1956 3905 2507 4014 Hieronymo
2542 3959 2571 4004 ,
2611 3904 2762 4011 qui
2802 3896 3188 3985 secundo
3226 3899 3339 3979 lo.

530 4051 637 4110 co
693 4028 1064 4135 positam
1132 4025 1365 4141 eligit
1437 4053 1625 4138 cap.
1672 4046 1800 4110 111.
1870 4025 2268 4115 adversus
2321 4024 2827 4119 Helvidium
2863 4026 3343 4131 ,malumus

526 4148 1042 4254 adhaerere3
1112 4146 1326 4233 dum
1413 4155 1772 4236 interIm
1833 4155 2259 4239 Hilarium
2331 4153 2689 4269 Prologo
2738 4156 2834 4235 in
2901 4150 3279 4235 Psalmos
3315 4208 3345 4254 ,

534 4275 1255 4386 Chrysostomum
1322 4270 1704 4362 Homilia
1751 4298 1937 4366 Vm.
1995 4284 2087 4364 in
2157 4279 2624 4391 Epistolam
2691 4276 2794 4361 ad
2856 4278 3290 4363 Hebraeos
3317 4334 3348 4380 ,

529 4403 781 4486 nobis
838 4400 1330 4515 adstipulari
1390 4431 1576 4487 non
1622 4408 2167 4521 ignoramus.
2231 4405 2371 4488 Re
2434 4432 2642 4488 sane
2700 4432 2905 4492 vera
2938 4461 2968 4507 ‚
3028 4407 3189 4487 etsi
3244 4404 3344 4486 in

533 4529 765 4611 urbis
822 4526 1344 4613 desolatione
1381 4588 1410 4635 ,
1443 4557 1541 4613 ac
1593 4530 1943 4644 Templi
2007 4527 2421 4618 incendio
2456 4591 2488 4636 ‚
2554 4536 2768 4616 sacri
2831 4533 2927 4613 in
2986 4531 3148 4615 hoc
3203 4555 3343 4612 as-

533 4659 843 4738 servati
898 4657 1092 4739 libri
1134 4654 1467 4739 fuerint
1524 4658 2016 4762 combusti,
2047 4657 2450 4743 credibile
2505 4685 2625 4741 ne
2674 4676 2802 4742 est
2857 4716 2890 4763 ,
2955 4675 3055 4741 ut
3117 4651 3345 4770 apud

530 4779 908 4891 privatos
966 4777 1324 4900 Judaeos
1354 4842 1383 4887 ,
1419 4784 1570 4895 qui
1623 4783 1898 4897 legem
1942 4788 2317 4870 maximo
2374 4785 2805 4869 habebant
2847 4787 2942 4866 in
3002 4787 3284 4897 pretio
3311 4840 3344 4888 ,

532 4903 779 4988 nulla
841 4906 1422 5020 superfuerint
1487 4909 1997 5022 exemplaria
2031 4913 2306 5025 ?Quis
2346 4907 2653 4996 dixerit
2682 4912 3045 4998 Tobiam
3075 4967 3103 5013 ,
3126 4911 3347 4995 Eze-

533 5029 909 5120 chielem
941 5091 974 5143 ,
1007 5029 1675 5123 Mardochaeum
1703 5094 1736 5144 ,
1765 5037 2141 5149 aliosque
2188 5034 2550 5154 Judaeos
2581 5096 2614 5148 ,
2649 5058 2853 5127 ante
2910 5040 3004 5121 in
3069 5038 3346 5150 capti-

3229 5186 3359 5248 Vl·
