<?xml version="1.0" encoding="UTF-8"?>
<!DOCTYPE html PUBLIC "-//W3C//DTD XHTML 1.0 Transitional//EN"
    "http://www.w3.org/TR/xhtml1/DTD/xhtml1-transitional.dtd">
<html xmlns="http://www.w3.org/1999/xhtml" xml:lang="en" lang="en">
 <head>
  <title>
</title>
<meta http-equiv="Content-Type" content="text/html;charset=utf-8" />
  <meta name='ocr-system' content='tesseract 3.04.00' />
  <meta name='ocr-capabilities' content='ocr_page ocr_carea ocr_par ocr_line ocrx_word'/>
</head>
<body>
  <div class='ocr_page' id='page_1' title='image "./deagiographiapr00caragoog_0074.png"; bbox 0 0 4913 6618; ppageno 0'>
   <div class='ocr_carea' id='block_1_1' title="bbox 1428 560 4237 795">
    <p class='ocr_par' dir='ltr' id='par_1_1' title="bbox 1428 560 4237 795">
     <span class='ocr_line' id='line_1_1' title="bbox 1428 560 4237 795; baseline -0.002 -22"><span class='ocrx_word' id='word_1_1' title='bbox 1428 560 1911 773; x_wconf 48' lang='lat' dir='ltr'><strong>aeterum</strong></span> <span class='ocrx_word' id='word_1_2' title='bbox 1970 703 2185 772; x_wconf 89' lang='lat' dir='ltr'><strong>cum</strong></span> <span class='ocrx_word' id='word_1_3' title='bbox 2245 682 2345 768; x_wconf 90' lang='lat' dir='ltr'><strong>in</strong></span> <span class='ocrx_word' id='word_1_4' title='bbox 2386 676 2917 793; x_wconf 79' lang='lat' dir='ltr'><strong>Hieronymi</strong></span> <span class='ocrx_word' id='word_1_5' title='bbox 2967 669 3372 768; x_wconf 84' lang='lat' dir='ltr'><strong>Editione</strong></span> <span class='ocrx_word' id='word_1_6' title='bbox 3399 674 3715 767; x_wconf 88' lang='lat' dir='ltr'><strong>Latina</strong></span> <span class='ocrx_word' id='word_1_7' title='bbox 3748 732 3781 784; x_wconf 88' lang='lat'><strong><em>‚</em></strong></span> <span class='ocrx_word' id='word_1_8' title='bbox 3838 677 4237 795; x_wconf 76' lang='lat' dir='ltr'><strong>periocha</strong></span> 
     </span>
    </p>
   </div>
   <div class='ocr_carea' id='block_1_2' title="bbox 1407 802 4243 2177">
    <p class='ocr_par' dir='ltr' id='par_1_2' title="bbox 1407 802 4243 2177">
     <span class='ocr_line' id='line_1_2' title="bbox 1431 802 4238 924; baseline -0.002 -25"><span class='ocrx_word' id='word_1_9' title='bbox 1431 813 1577 899; x_wconf 85' lang='lat' dir='ltr'><strong>illa</strong></span> <span class='ocrx_word' id='word_1_10' title='bbox 1641 834 2107 924; x_wconf 90' lang='lat' dir='ltr'><strong>nunquam</strong></span> <span class='ocrx_word' id='word_1_11' title='bbox 2154 808 2451 894; x_wconf 90' lang='lat' dir='ltr'><strong>locum</strong></span> <span class='ocrx_word' id='word_1_12' title='bbox 2512 806 2989 893; x_wconf 86' lang='lat' dir='ltr'><strong>obtinuerit</strong></span> <span class='ocrx_word' id='word_1_13' title='bbox 3052 861 3088 908; x_wconf 83' lang='lat'><strong>,</strong></span> <span class='ocrx_word' id='word_1_14' title='bbox 3146 802 3578 894; x_wconf 90' lang='lat' dir='ltr'><strong>indicium</strong></span> <span class='ocrx_word' id='word_1_15' title='bbox 3633 823 3764 894; x_wconf 83' lang='lat' dir='ltr'><strong>cst</strong></span> <span class='ocrx_word' id='word_1_16' title='bbox 3821 834 4005 894; x_wconf 91' lang='lat' dir='ltr'><strong>non</strong></span> <span class='ocrx_word' id='word_1_17' title='bbox 4056 833 4238 894; x_wconf 87' lang='lat' dir='ltr'><strong>esse</strong></span> 
     </span>
     <span class='ocr_line' id='line_1_3' title="bbox 1429 930 4239 1055; baseline -0.001 -32"><span class='ocrx_word' id='word_1_18' title='bbox 1429 937 2039 1055; x_wconf 81' lang='lat' dir='ltr'><strong>Evangelicam</strong></span> <span class='ocrx_word' id='word_1_19' title='bbox 2070 991 2104 1039; x_wconf 87' lang='lat'><strong>,</strong></span> <span class='ocrx_word' id='word_1_20' title='bbox 2160 931 2250 1021; x_wconf 71' lang='grc' dir='ltr'>ἃ</span> <span class='ocrx_word' id='word_1_21' title='bbox 2295 934 2714 1021; x_wconf 87' lang='lat' dir='ltr'><strong>Divinam</strong></span> <span class='ocrx_word' id='word_1_22' title='bbox 2750 989 2773 1014; x_wconf 89' lang='lat'><strong>.</strong></span> <span class='ocrx_word' id='word_1_23' title='bbox 2837 931 3217 1049; x_wconf 83' lang='lat' dir='ltr'><strong>Regerat</strong></span> <span class='ocrx_word' id='word_1_24' title='bbox 3249 960 3499 1021; x_wconf 90' lang='lat' dir='ltr'><strong>nunc</strong></span> <span class='ocrx_word' id='word_1_25' title='bbox 3556 936 3860 1048; x_wconf 87' lang='lat' dir='ltr'><strong>aliquis</strong></span> <span class='ocrx_word' id='word_1_26' title='bbox 3894 962 3924 1016; x_wconf 68' lang='grc' dir='ltr'><em>τ</em></span> <span class='ocrx_word' id='word_1_27' title='bbox 3977 930 4239 1051; x_wconf 84' lang='lat' dir='ltr'><strong>Ergo·</strong></span> 
     </span>
     <span class='ocr_line' id='line_1_4' title="bbox 1437 1057 4243 1178; baseline -0.003 -27"><span class='ocrx_word' id='word_1_28' title='bbox 1437 1088 1560 1151; x_wconf 89' lang='lat' dir='ltr'><strong>ne</strong></span> <span class='ocrx_word' id='word_1_29' title='bbox 1619 1090 1844 1178; x_wconf 89' lang='lat' dir='ltr'><strong>quae</strong></span> <span class='ocrx_word' id='word_1_30' title='bbox 1885 1057 2217 1149; x_wconf 85' lang='lat' dir='ltr'><strong>Graeca</strong></span> <span class='ocrx_word' id='word_1_31' title='bbox 2260 1078 2393 1145; x_wconf 89' lang='lat' dir='ltr'><strong>est</strong></span> <span class='ocrx_word' id='word_1_32' title='bbox 2449 1064 2548 1144; x_wconf 90' lang='lat' dir='ltr'><strong>in</strong></span> <span class='ocrx_word' id='word_1_33' title='bbox 2617 1073 2914 1144; x_wconf 88' lang='lat' dir='ltr'><strong>nostra</strong></span> <span class='ocrx_word' id='word_1_34' title='bbox 2969 1066 3599 1147; x_wconf 89' lang='lat' dir='ltr'><strong>communione</strong></span> <span class='ocrx_word' id='word_1_35' title='bbox 3652 1061 4031 1148; x_wconf 84' lang='lat' dir='ltr'><strong>Ecclesia</strong></span> <span class='ocrx_word' id='word_1_36' title='bbox 4094 1087 4243 1144; x_wconf 89' lang='lat' dir='ltr'><strong>au-</strong></span> 
     </span>
     <span class='ocr_line' id='line_1_5' title="bbox 1430 1179 4239 1301; baseline -0.003 -24"><span class='ocrx_word' id='word_1_37' title='bbox 1430 1189 1845 1277; x_wconf 88' lang='lat' dir='ltr'><strong>thenticis</strong></span> <span class='ocrx_word' id='word_1_38' title='bbox 1874 1204 2112 1276; x_wconf 92' lang='lat' dir='ltr'><strong>caret</strong></span> <span class='ocrx_word' id='word_1_39' title='bbox 2141 1185 2603 1298; x_wconf 88' lang='lat' dir='ltr'><strong>Scripturis</strong></span> <span class='ocrx_word' id='word_1_40' title='bbox 2633 1179 2680 1266; x_wconf 76' lang='lat'><em>2</em></span> <span class='ocrx_word' id='word_1_41' title='bbox 2711 1183 3012 1271; x_wconf 86' lang='lat' dir='ltr'><strong>Hocce</strong></span> <span class='ocrx_word' id='word_1_42' title='bbox 3040 1184 3525 1297; x_wconf 84' lang='lat' dir='ltr'><strong>inquirenti</strong></span> <span class='ocrx_word' id='word_1_43' title='bbox 3557 1212 4179 1301; x_wconf 83' lang='lat' dir='ltr'><strong>reponeremus</strong></span> <span class='ocrx_word' id='word_1_44' title='bbox 4203 1238 4239 1292; x_wconf 89' lang='lat'>‚</span> 
     </span>
     <span class='ocr_line' id='line_1_6' title="bbox 1431 1304 4239 1427; baseline -0.002 -25"><span class='ocrx_word' id='word_1_45' title='bbox 1431 1311 1804 1402; x_wconf 84' lang='lat' dir='ltr'><strong>Codices</strong></span> <span class='ocrx_word' id='word_1_46' title='bbox 1866 1317 2176 1427; x_wconf 89' lang='lat' dir='ltr'><strong>quibus</strong></span> <span class='ocrx_word' id='word_1_47' title='bbox 2234 1315 2509 1397; x_wconf 91' lang='lat' dir='ltr'><strong>utitur</strong></span> <span class='ocrx_word' id='word_1_48' title='bbox 2563 1304 2891 1394; x_wconf 89' lang='lat' dir='ltr'><strong>Graeca</strong></span> <span class='ocrx_word' id='word_1_49' title='bbox 2953 1309 3207 1394; x_wconf 87' lang='lat' dir='ltr'><strong>nobis</strong></span> <span class='ocrx_word' id='word_1_50' title='bbox 3297 1306 3703 1400; x_wconf 89' lang='lat' dir='ltr'><strong>devincta</strong></span> <span class='ocrx_word' id='word_1_51' title='bbox 3794 1312 4171 1400; x_wconf 84' lang='lat' dir='ltr'><strong>Ecclesia</strong></span> <span class='ocrx_word' id='word_1_52' title='bbox 4203 1363 4239 1415; x_wconf 88' lang='lat'><strong>,</strong></span> 
     </span>
     <span class='ocr_line' id='line_1_7' title="bbox 1434 1430 4241 1547; baseline -0 -23"><span class='ocrx_word' id='word_1_53' title='bbox 1434 1441 1573 1525; x_wconf 90' lang='lat' dir='ltr'><strong>nil</strong></span> <span class='ocrx_word' id='word_1_54' title='bbox 1620 1466 1874 1527; x_wconf 88' lang='lat' dir='ltr'><strong>verae</strong></span> <span class='ocrx_word' id='word_1_55' title='bbox 1927 1435 2224 1543; x_wconf 83' lang='lat' dir='ltr'><strong>Fidei,</strong></span> <span class='ocrx_word' id='word_1_56' title='bbox 2286 1435 2842 1546; x_wconf 91' lang='lat' dir='ltr'><strong>moribusque</strong></span> <span class='ocrx_word' id='word_1_57' title='bbox 2894 1430 3354 1522; x_wconf 88' lang='lat' dir='ltr'><strong>adversum</strong></span> <span class='ocrx_word' id='word_1_58' title='bbox 3401 1444 3863 1526; x_wconf 91' lang='lat' dir='ltr'><strong>continere</strong></span> <span class='ocrx_word' id='word_1_59' title='bbox 3884 1496 3916 1543; x_wconf 90' lang='lat'>‚</span> <span class='ocrx_word' id='word_1_60' title='bbox 3975 1455 4241 1547; x_wconf 86' lang='lat' dir='ltr'><strong>atque</strong></span> 
     </span>
     <span class='ocr_line' id='line_1_8' title="bbox 1434 1558 4240 1677; baseline -0.002 -29"><span class='ocrx_word' id='word_1_61' title='bbox 1434 1559 1652 1649; x_wconf 85' lang='lat' dir='ltr'><strong>adeo</strong></span> <span class='ocrx_word' id='word_1_62' title='bbox 1712 1567 2168 1649; x_wconf 80' lang='lat' dir='ltr'><strong>intrinsece</strong></span> <span class='ocrx_word' id='word_1_63' title='bbox 2201 1620 2233 1670; x_wconf 91' lang='lat'>‚</span> <span class='ocrx_word' id='word_1_64' title='bbox 2291 1558 2382 1649; x_wconf 72' lang='grc' dir='ltr'>ἃ</span> <span class='ocrx_word' id='word_1_65' title='bbox 2445 1563 2605 1648; x_wconf 87' lang='lat' dir='ltr'><strong>sub</strong></span> <span class='ocrx_word' id='word_1_66' title='bbox 2661 1559 2929 1646; x_wconf 85' lang='lat' dir='ltr'><strong>hacce</strong></span> <span class='ocrx_word' id='word_1_67' title='bbox 2979 1564 3318 1647; x_wconf 85' lang='lat' dir='ltr'><strong>ratione</strong></span> <span class='ocrx_word' id='word_1_68' title='bbox 3376 1583 3799 1677; x_wconf 88' lang='lat' dir='ltr'><strong>spectatos</strong></span> <span class='ocrx_word' id='word_1_69' title='bbox 3825 1621 3857 1667; x_wconf 85' lang='grc'>,</span> <span class='ocrx_word' id='word_1_70' title='bbox 3881 1588 4063 1648; x_wconf 87' lang='lat' dir='ltr'><strong>esse</strong></span> <span class='ocrx_word' id='word_1_71' title='bbox 4095 1587 4240 1644; x_wconf 87' lang='lat' dir='ltr'><strong>au-</strong></span> 
     </span>
     <span class='ocr_line' id='line_1_9' title="bbox 1437 1682 4239 1803; baseline -0.002 -27"><span class='ocrx_word' id='word_1_72' title='bbox 1437 1690 1944 1793; x_wconf 88' lang='lat' dir='ltr'><strong>thenticos;</strong></span> <span class='ocrx_word' id='word_1_73' title='bbox 2010 1716 2540 1803; x_wconf 88' lang='lat' dir='ltr'><strong>quamquam</strong></span> <span class='ocrx_word' id='word_1_74' title='bbox 2607 1687 2729 1771; x_wconf 87' lang='lat' dir='ltr'><strong>eis</strong></span> <span class='ocrx_word' id='word_1_75' title='bbox 2789 1682 3007 1772; x_wconf 85' lang='lat' dir='ltr'><strong>desit</strong></span> <span class='ocrx_word' id='word_1_76' title='bbox 3055 1691 3532 1773; x_wconf 76' lang='lat' dir='ltr'><strong>extrinsece</strong></span> <span class='ocrx_word' id='word_1_77' title='bbox 3593 1690 4017 1777; x_wconf 88' lang='lat' dir='ltr'><strong>Ecclesiae</strong></span> <span class='ocrx_word' id='word_1_78' title='bbox 4066 1693 4239 1770; x_wconf 70' lang='grc' dir='ltr'>Διαί-</span> 
     </span>
     <span class='ocr_line' id='line_1_10' title="bbox 1407 1807 4238 1934; baseline 0.001 -37"><span class='ocrx_word' id='word_1_79' title='bbox 1407 1848 1723 1927; x_wconf 63' lang='grc' dir='ltr'><strong>·τωγμα,</strong></span> <span class='ocrx_word' id='word_1_80' title='bbox 1756 1869 1781 1895; x_wconf 90' lang='grc'><strong>.</strong></span> <span class='ocrx_word' id='word_1_81' title='bbox 1846 1815 2212 1902; x_wconf 88' lang='lat' dir='ltr'><strong>Interim</strong></span> <span class='ocrx_word' id='word_1_82' title='bbox 2267 1812 2485 1900; x_wconf 89' lang='lat' dir='ltr'><strong>dum</strong></span> <span class='ocrx_word' id='word_1_83' title='bbox 2541 1807 3007 1897; x_wconf 89' lang='lat' dir='ltr'><strong>Codicibus</strong></span> <span class='ocrx_word' id='word_1_84' title='bbox 3038 1866 3072 1915; x_wconf 84' lang='lat'>‚</span> <span class='ocrx_word' id='word_1_85' title='bbox 3134 1840 3351 1926; x_wconf 91' lang='lat' dir='ltr'><strong>quos</strong></span> <span class='ocrx_word' id='word_1_86' title='bbox 3394 1818 3779 1934; x_wconf 82' lang='lat' dir='ltr'><strong>integros</strong></span> <span class='ocrx_word' id='word_1_87' title='bbox 3827 1810 3917 1900; x_wconf 72' lang='lat'><strong>8&lt;</strong></span> <span class='ocrx_word' id='word_1_88' title='bbox 3977 1837 4238 1925; x_wconf 87' lang='lat' dir='ltr'><strong>puros</strong></span> 
     </span>
     <span class='ocr_line' id='line_1_11' title="bbox 1441 1933 4241 2054; baseline -0 -29"><span class='ocrx_word' id='word_1_89' title='bbox 1441 1968 1871 2030; x_wconf 86' lang='lat' dir='ltr'><strong>asservare</strong></span> <span class='ocrx_word' id='word_1_90' title='bbox 1924 1959 2401 2054; x_wconf 90' lang='lat' dir='ltr'><strong>potuerunt</strong></span> <span class='ocrx_word' id='word_1_91' title='bbox 2444 1935 2756 2025; x_wconf 89' lang='lat' dir='ltr'><strong>Graeci</strong></span> <span class='ocrx_word' id='word_1_92' title='bbox 2805 1938 2903 2019; x_wconf 91' lang='lat' dir='ltr'><strong>in</strong></span> <span class='ocrx_word' id='word_1_93' title='bbox 2965 1933 3210 2023; x_wconf 86' lang='lat' dir='ltr'><strong>Fidei</strong></span> <span class='ocrx_word' id='word_1_94' title='bbox 3288 1944 3628 2028; x_wconf 89' lang='lat' dir='ltr'><strong>unitate</strong></span> <span class='ocrx_word' id='word_1_95' title='bbox 3692 1964 4241 2053; x_wconf 88' lang='lat' dir='ltr'><strong>perseveran-</strong></span> 
     </span>
     <span class='ocr_line' id='line_1_12' title="bbox 1439 2062 4235 2177; baseline -0.001 -26"><span class='ocrx_word' id='word_1_96' title='bbox 1439 2083 1569 2151; x_wconf 89' lang='lat' dir='ltr'><strong>tes</strong></span> <span class='ocrx_word' id='word_1_97' title='bbox 1602 2121 1635 2171; x_wconf 84' lang='lat'>‚</span> <span class='ocrx_word' id='word_1_98' title='bbox 1695 2068 1866 2177; x_wconf 80' lang='lat' dir='ltr'><strong>maj</strong></span> <span class='ocrx_word' id='word_1_99' title='bbox 1874 2091 2119 2150; x_wconf 92' lang='lat' dir='ltr'><strong>orem</strong></span> <span class='ocrx_word' id='word_1_100' title='bbox 2180 2068 2780 2151; x_wconf 87' lang='lat' dir='ltr'><strong>auctoritatem</strong></span> <span class='ocrx_word' id='word_1_101' title='bbox 2840 2062 3301 2149; x_wconf 88' lang='lat' dir='ltr'><strong>tribuimus</strong></span> <span class='ocrx_word' id='word_1_102' title='bbox 3334 2123 3366 2170; x_wconf 90' lang='lat'>‚</span> <span class='ocrx_word' id='word_1_103' title='bbox 3422 2070 3544 2152; x_wconf 88' lang='lat' dir='ltr'><strong>ita</strong></span> <span class='ocrx_word' id='word_1_104' title='bbox 3600 2065 3687 2156; x_wconf 72' lang='grc' dir='ltr'>ἃ</span> <span class='ocrx_word' id='word_1_105' title='bbox 3757 2065 4235 2153; x_wconf 83' lang='lat' dir='ltr'><strong>Schismati-</strong></span> 
     </span>
    </p>
   </div>
   <div class='ocr_carea' id='block_1_3' title="bbox 1436 2184 4380 2306">
    <p class='ocr_par' dir='ltr' id='par_1_3' title="bbox 1436 2184 4380 2306">
     <span class='ocr_line' id='line_1_13' title="bbox 1436 2184 4380 2306; baseline -0.002 -29"><span class='ocrx_word' id='word_1_106' title='bbox 1436 2216 1747 2278; x_wconf 91' lang='lat' dir='ltr'><strong>corum</strong></span> <span class='ocrx_word' id='word_1_107' title='bbox 1812 2188 2179 2276; x_wconf 85' lang='lat' dir='ltr'><strong>Codices</strong></span> <span class='ocrx_word' id='word_1_108' title='bbox 2213 2247 2245 2294; x_wconf 89' lang='lat'>‚</span> <span class='ocrx_word' id='word_1_109' title='bbox 2305 2192 2836 2297; x_wconf 90' lang='lat' dir='ltr'><strong>ubicumque</strong></span> <span class='ocrx_word' id='word_1_110' title='bbox 2893 2214 2945 2269; x_wconf 88' lang='lat' dir='ltr'><strong>a</strong></span> <span class='ocrx_word' id='word_1_111' title='bbox 3006 2184 3376 2306; x_wconf 81' lang='lat' dir='ltr'><strong>Vulgata</strong></span> <span class='ocrx_word' id='word_1_112' title='bbox 3439 2220 3624 2280; x_wconf 92' lang='lat' dir='ltr'><strong>non</strong></span> <span class='ocrx_word' id='word_1_113' title='bbox 3686 2188 4178 2305; x_wconf 88' lang='lat' dir='ltr'><strong>discrepent</strong></span> <span class='ocrx_word' id='word_1_114' title='bbox 4200 2242 4235 2292; x_wconf 88' lang='lat'><strong>,</strong></span> <span class='ocrx_word' id='word_1_115' title='bbox 4376 2206 4380 2210; x_wconf 68' lang='grc'><strong><em>’</em></strong></span> 
     </span>
    </p>
   </div>
   <div class='ocr_carea' id='block_1_4' title="bbox 1440 2307 4241 3186">
    <p class='ocr_par' dir='ltr' id='par_1_4' title="bbox 1440 2307 4241 3186">
     <span class='ocr_line' id='line_1_14' title="bbox 1442 2307 4235 2427; baseline -0.002 -27"><span class='ocrx_word' id='word_1_116' title='bbox 1442 2343 1632 2403; x_wconf 91' lang='lat' dir='ltr'><strong>non</strong></span> <span class='ocrx_word' id='word_1_117' title='bbox 1687 2340 1934 2403; x_wconf 90' lang='lat' dir='ltr'><strong>secus</strong></span> <span class='ocrx_word' id='word_1_118' title='bbox 1995 2340 2094 2402; x_wconf 90' lang='lat' dir='ltr'><strong>ac</strong></span> <span class='ocrx_word' id='word_1_119' title='bbox 2151 2312 2261 2400; x_wconf 92' lang='lat' dir='ltr'><strong>de</strong></span> <span class='ocrx_word' id='word_1_120' title='bbox 2322 2316 2716 2400; x_wconf 88' lang='lat' dir='ltr'><strong>Hebraeo</strong></span> <span class='ocrx_word' id='word_1_121' title='bbox 2767 2307 3018 2399; x_wconf 89' lang='lat' dir='ltr'><strong>fonte</strong></span> <span class='ocrx_word' id='word_1_122' title='bbox 3079 2318 3521 2427; x_wconf 84' lang='lat' dir='ltr'><strong>posuimus</strong></span> <span class='ocrx_word' id='word_1_123' title='bbox 3555 2374 3586 2421; x_wconf 88' lang='lat'><strong>,</strong></span> <span class='ocrx_word' id='word_1_124' title='bbox 3648 2342 3815 2402; x_wconf 90' lang='lat' dir='ltr'><strong>ceu</strong></span> <span class='ocrx_word' id='word_1_125' title='bbox 3878 2315 4235 2402; x_wconf 84' lang='lat' dir='ltr'><strong>authen-</strong></span> 
     </span>
     <span class='ocr_line' id='line_1_15' title="bbox 1440 2432 4240 2554; baseline -0.002 -28"><span class='ocrx_word' id='word_1_126' title='bbox 1440 2444 1659 2528; x_wconf 88' lang='lat' dir='ltr'><strong>ticos</strong></span> <span class='ocrx_word' id='word_1_127' title='bbox 1720 2467 2241 2529; x_wconf 85' lang='lat' dir='ltr'><strong>veneramur</strong></span> <span class='ocrx_word' id='word_1_128' title='bbox 2275 2500 2300 2526; x_wconf 91' lang='lat'><strong>.</strong></span> <span class='ocrx_word' id='word_1_129' title='bbox 2364 2432 2769 2525; x_wconf 86' lang='lat' dir='ltr'><strong>Tandem</strong></span> <span class='ocrx_word' id='word_1_130' title='bbox 2819 2440 3477 2528; x_wconf 84' lang='lat' dir='ltr'><strong>Haereticorum</strong></span> <span class='ocrx_word' id='word_1_131' title='bbox 3528 2440 3887 2554; x_wconf 89' lang='lat' dir='ltr'><strong>quidem</strong></span> <span class='ocrx_word' id='word_1_132' title='bbox 3939 2432 4044 2524; x_wconf 92' lang='lat' dir='ltr'><strong>ad</strong></span> <span class='ocrx_word' id='word_1_133' title='bbox 4071 2436 4240 2521; x_wconf 90' lang='lat' dir='ltr'><strong>He-</strong></span> 
     </span>
     <span class='ocr_line' id='line_1_16' title="bbox 1443 2563 4239 2681; baseline -0.003 -30"><span class='ocrx_word' id='word_1_134' title='bbox 1443 2567 1742 2652; x_wconf 90' lang='lat' dir='ltr'><strong>braeos</strong></span> <span class='ocrx_word' id='word_1_135' title='bbox 1805 2624 1838 2671; x_wconf 86' lang='lat'>,</span> <span class='ocrx_word' id='word_1_136' title='bbox 1933 2563 2478 2680; x_wconf 90' lang='lat' dir='ltr'><strong>Graecosque</strong></span> <span class='ocrx_word' id='word_1_137' title='bbox 2574 2563 2864 2650; x_wconf 89' lang='lat' dir='ltr'><strong>fontes</strong></span> <span class='ocrx_word' id='word_1_138' title='bbox 2972 2572 3482 2678; x_wconf 90' lang='lat' dir='ltr'><strong>perenniter</strong></span> <span class='ocrx_word' id='word_1_139' title='bbox 3577 2567 4239 2681; x_wconf 89' lang='lat' dir='ltr'><strong>provocantium</strong></span> 
     </span>
     <span class='ocr_line' id='line_1_17' title="bbox 1444 2684 4239 2805; baseline -0.001 -32"><span class='ocrx_word' id='word_1_140' title='bbox 1444 2690 1862 2786; x_wconf 63' lang='lat' dir='ltr'><strong>circem-ias</strong></span> <span class='ocrx_word' id='word_1_141' title='bbox 1922 2690 2034 2793; x_wconf 64' lang='lat' dir='ltr'><strong>v)</strong></span> <span class='ocrx_word' id='word_1_142' title='bbox 2100 2691 2210 2778; x_wconf 65' lang='lat' dir='ltr'><strong>niv</strong></span> <span class='ocrx_word' id='word_1_143' title='bbox 2265 2684 2649 2803; x_wconf 69' lang='grc' dir='ltr'><strong>ασελγεῗαι</strong></span> <span class='ocrx_word' id='word_1_144' title='bbox 2713 2694 2981 2775; x_wconf 87' lang='lat' dir='ltr'><strong>etiam</strong></span> <span class='ocrx_word' id='word_1_145' title='bbox 3011 2710 3274 2804; x_wconf 90' lang='lat' dir='ltr'><strong>atque</strong></span> <span class='ocrx_word' id='word_1_146' title='bbox 3307 2699 3567 2779; x_wconf 87' lang='lat' dir='ltr'><strong>etiam</strong></span> <span class='ocrx_word' id='word_1_147' title='bbox 3598 2693 4173 2805; x_wconf 86' lang='lat' dir='ltr'><strong>improbamus</strong></span> <span class='ocrx_word' id='word_1_148' title='bbox 4205 2743 4239 2791; x_wconf 87' lang='grc'><em>,</em></span> 
     </span>
     <span class='ocr_line' id='line_1_18' title="bbox 1445 2808 4241 2937; baseline -0.001 -36"><span class='ocrx_word' id='word_1_149' title='bbox 1445 2815 1596 2903; x_wconf 89' lang='lat' dir='ltr'><strong>sed</strong></span> <span class='ocrx_word' id='word_1_150' title='bbox 1659 2823 1757 2903; x_wconf 93' lang='lat' dir='ltr'><strong>in</strong></span> <span class='ocrx_word' id='word_1_151' title='bbox 1825 2819 2320 2936; x_wconf 84' lang='lat' dir='ltr'><strong>linguarum</strong></span> <span class='ocrx_word' id='word_1_152' title='bbox 2425 2818 2930 2933; x_wconf 85' lang='lat' dir='ltr'><strong>cognitione</strong></span> <span class='ocrx_word' id='word_1_153' title='bbox 3002 2820 3260 2937; x_wconf 32' lang='lat' dir='ltr'><strong>‘plura</strong></span> <span class='ocrx_word' id='word_1_154' title='bbox 3339 2846 3520 2905; x_wconf 89' lang='lat' dir='ltr'><strong>esse</strong></span> <span class='ocrx_word' id='word_1_155' title='bbox 3595 2811 4043 2933; x_wconf 86' lang='lat' dir='ltr'><strong>commoda</strong></span> <span class='ocrx_word' id='word_1_156' title='bbox 4132 2808 4241 2899; x_wconf 91' lang='lat' dir='ltr'><strong>ad</strong></span> 
     </span>
     <span class='ocr_line' id='line_1_19' title="bbox 1440 2939 4238 3060; baseline 0.001 -36"><span class='ocrx_word' id='word_1_157' title='bbox 1440 2967 1719 3027; x_wconf 89' lang='lat' dir='ltr'><strong>sacras</strong></span> <span class='ocrx_word' id='word_1_158' title='bbox 1770 2943 2093 3029; x_wconf 86' lang='lat' dir='ltr'><strong>litteras</strong></span> <span class='ocrx_word' id='word_1_159' title='bbox 2158 2939 2759 3060; x_wconf 82' lang='lat' dir='ltr'><strong>intelligendas</strong></span> <span class='ocrx_word' id='word_1_160' title='bbox 2814 2999 2846 3049; x_wconf 85' lang='lat'>‚</span> <span class='ocrx_word' id='word_1_161' title='bbox 2915 2964 3015 3033; x_wconf 90' lang='lat' dir='ltr'><strong>ut</strong></span> <span class='ocrx_word' id='word_1_162' title='bbox 3078 2974 3186 3034; x_wconf 82' lang='lat' dir='ltr'><strong>ex</strong></span> <span class='ocrx_word' id='word_1_163' title='bbox 3249 2941 3679 3035; x_wconf 89' lang='lat' dir='ltr'><strong>dicendis·</strong></span> <span class='ocrx_word' id='word_1_164' title='bbox 3725 2941 4151 3033; x_wconf 89' lang='lat' dir='ltr'><strong>constabit</strong></span> <span class='ocrx_word' id='word_1_165' title='bbox 4206 2992 4238 3044; x_wconf 84' lang='lat'>‚</span> 
     </span>
     <span class='ocr_line' id='line_1_20' title="bbox 1441 3068 2675 3186; baseline 0 -37"><span class='ocrx_word' id='word_1_166' title='bbox 1441 3068 1831 3186; x_wconf 86' lang='lat' dir='ltr'><strong>ingenue</strong></span> <span class='ocrx_word' id='word_1_167' title='bbox 1881 3070 2046 3156; x_wconf 88' lang='lat' dir='ltr'><strong>illis</strong></span> <span class='ocrx_word' id='word_1_168' title='bbox 2096 3074 2621 3160; x_wconf 84' lang='lat' dir='ltr'><strong>assentimur</strong></span> <span class='ocrx_word' id='word_1_169' title='bbox 2652 3125 2675 3149; x_wconf 89' lang='lat'><strong>.</strong></span> 
     </span>
    </p>
   </div>
   <div class='ocr_carea' id='block_1_5' title="bbox 2668 3317 3065 3437">
    <p class='ocr_par' dir='ltr' id='par_1_5' title="bbox 2668 3317 3065 3437">
     <span class='ocr_line' id='line_1_21' title="bbox 2668 3317 3065 3437; baseline -0.013 -29"><span class='ocrx_word' id='word_1_170' title='bbox 2668 3328 2752 3437; x_wconf 80' lang='lat'><strong>§-</strong></span> <span class='ocrx_word' id='word_1_171' title='bbox 2880 3317 3065 3409; x_wconf 73' lang='lat' dir='ltr'><strong>xi.</strong></span> 
     </span>
    </p>
   </div>
   <div class='ocr_carea' id='block_1_6' title="bbox 1841 3570 3831 3693">
    <p class='ocr_par' dir='ltr' id='par_1_6' title="bbox 1841 3570 3831 3693">
     <span class='ocr_line' id='line_1_22' title="bbox 1841 3570 3831 3693; baseline 0.003 -39"><span class='ocrx_word' id='word_1_172' title='bbox 1841 3570 1980 3655; x_wconf 87' lang='lat' dir='ltr'><strong>De</strong></span> <span class='ocrx_word' id='word_1_173' title='bbox 2030 3570 2602 3658; x_wconf 75' lang='lat' dir='ltr'><strong>Exoticarum</strong></span> <span class='ocrx_word' id='word_1_174' title='bbox 2635 3575 3175 3693; x_wconf 68' lang='lat' dir='ltr'><strong>Linguamm</strong></span> <span class='ocrx_word' id='word_1_175' title='bbox 3212 3573 3770 3686; x_wconf 81' lang='lat' dir='ltr'><strong>praestantia</strong></span> <span class='ocrx_word' id='word_1_176' title='bbox 3807 3632 3831 3659; x_wconf 87' lang='lat'><strong>.</strong></span> 
     </span>
    </p>
   </div>
   <div class='ocr_carea' id='block_1_7' title="bbox 1433 3702 4247 5289">
    <p class='ocr_par' dir='ltr' id='par_1_7' title="bbox 1433 3702 4247 5202">
     <span class='ocr_line' id='line_1_23' title="bbox 1451 3702 4242 3911; baseline 0.001 -4"><span class='ocrx_word' id='word_1_177' title='bbox 1451 3702 2046 3907; x_wconf 87' lang='lat' dir='ltr'><strong>Clementis</strong></span> <span class='ocrx_word' id='word_1_178' title='bbox 2091 3818 2203 3905; x_wconf 88' lang='lat' dir='ltr'><strong>V.</strong></span> <span class='ocrx_word' id='word_1_179' title='bbox 2255 3820 2350 3906; x_wconf 88' lang='lat' dir='ltr'><strong>P.</strong></span> <span class='ocrx_word' id='word_1_180' title='bbox 2407 3819 2551 3906; x_wconf 89' lang='lat' dir='ltr'><strong>M.</strong></span> <span class='ocrx_word' id='word_1_181' title='bbox 2602 3823 2959 3911; x_wconf 90' lang='lat' dir='ltr'><strong>Sanctio</strong></span> <span class='ocrx_word' id='word_1_182' title='bbox 3002 3823 3143 3906; x_wconf 89' lang='lat' dir='ltr'><strong>illa</strong></span> <span class='ocrx_word' id='word_1_183' title='bbox 3191 3826 3288 3908; x_wconf 90' lang='lat' dir='ltr'><strong>in</strong></span> <span class='ocrx_word' id='word_1_184' title='bbox 3334 3820 3932 3910; x_wconf 78' lang='lat' dir='ltr'><strong>oecumenico</strong></span> <span class='ocrx_word' id='word_1_185' title='bbox 3969 3820 4242 3911; x_wconf 85' lang='lat' dir='ltr'><strong>Vien-</strong></span> 
     </span>
     <span class='ocr_line' id='line_1_24' title="bbox 1436 3945 4247 4068; baseline 0.001 -38"><span class='ocrx_word' id='word_1_186' title='bbox 1436 3952 1704 4031; x_wconf 90' lang='lat' dir='ltr'><strong>nensi</strong></span> <span class='ocrx_word' id='word_1_187' title='bbox 1770 3945 2176 4030; x_wconf 88' lang='lat' dir='ltr'><strong>Concilio</strong></span> <span class='ocrx_word' id='word_1_188' title='bbox 2238 3950 2775 4068; x_wconf 80' lang='lat' dir='ltr'><strong>promulgata</strong></span> <span class='ocrx_word' id='word_1_189' title='bbox 2801 4009 2831 4055; x_wconf 83' lang='grc'><em>,</em></span> <span class='ocrx_word' id='word_1_190' title='bbox 2893 3967 3245 4063; x_wconf 89' lang='lat' dir='ltr'><strong>propter</strong></span> <span class='ocrx_word' id='word_1_191' title='bbox 3316 3975 3579 4060; x_wconf 88' lang='lat' dir='ltr'><strong>quam</strong></span> <span class='ocrx_word' id='word_1_192' title='bbox 3635 3951 3727 4034; x_wconf 90' lang='lat' dir='ltr'><strong>in</strong></span> <span class='ocrx_word' id='word_1_193' title='bbox 3789 3946 4247 4038; x_wconf 89' lang='lat' dir='ltr'><strong>Generali-</strong></span> 
     </span>
     <span class='ocr_line' id='line_1_25' title="bbox 1436 4067 4241 4190; baseline 0.001 -35"><span class='ocrx_word' id='word_1_194' title='bbox 1436 4073 1600 4155; x_wconf 88' lang='lat' dir='ltr'><strong>bus</strong></span> <span class='ocrx_word' id='word_1_195' title='bbox 1664 4067 1966 4154; x_wconf 87' lang='lat' dir='ltr'><strong>studiis</strong></span> <span class='ocrx_word' id='word_1_196' title='bbox 1999 4127 2033 4177; x_wconf 86' lang='lat'><strong>,</strong></span> <span class='ocrx_word' id='word_1_197' title='bbox 2094 4068 2496 4189; x_wconf 85' lang='lat' dir='ltr'><strong>Collegiis</strong></span> <span class='ocrx_word' id='word_1_198' title='bbox 2556 4131 2589 4178; x_wconf 87' lang='lat'>‚</span> <span class='ocrx_word' id='word_1_199' title='bbox 2647 4093 2909 4190; x_wconf 82' lang='lat' dir='ltr'><strong>atque</strong></span> <span class='ocrx_word' id='word_1_200' title='bbox 2971 4073 3514 4160; x_wconf 86' lang='lat' dir='ltr'><strong>Accademiis</strong></span> <span class='ocrx_word' id='word_1_201' title='bbox 3598 4081 3978 4163; x_wconf 81' lang='lat' dir='ltr'><strong>exoticae</strong></span> <span class='ocrx_word' id='word_1_202' title='bbox 4062 4077 4241 4157; x_wconf 82' lang='lat' dir='ltr'><strong>lin-</strong></span> 
     </span>
     <span class='ocr_line' id='line_1_26' title="bbox 1437 4192 4238 4316; baseline 0.004 -35"><span class='ocrx_word' id='word_1_203' title='bbox 1437 4222 1657 4314; x_wconf 85' lang='lat' dir='ltr'><strong>guae</strong></span> <span class='ocrx_word' id='word_1_204' title='bbox 1710 4214 2001 4280; x_wconf 89' lang='lat' dir='ltr'><strong>essent</strong></span> <span class='ocrx_word' id='word_1_205' title='bbox 2057 4192 2551 4283; x_wconf 87' lang='lat' dir='ltr'><strong>edocendae</strong></span> <span class='ocrx_word' id='word_1_206' title='bbox 2600 4203 2697 4283; x_wconf 72' lang='grc' dir='ltr'><strong>ὀκ</strong></span> <span class='ocrx_word' id='word_1_207' title='bbox 2748 4200 3086 4314; x_wconf 50' lang='lat' dir='ltr'><strong>(aydam</strong></span> <span class='ocrx_word' id='word_1_208' title='bbox 3160 4198 3597 4316; x_wconf 65' lang='grc' dir='ltr'><strong>Σωφροσύνης</strong></span> <span class='ocrx_word' id='word_1_209' title='bbox 3648 4262 3676 4304; x_wconf 83' lang='grc'>,</span> <span class='ocrx_word' id='word_1_210' title='bbox 3759 4200 3868 4306; x_wconf 61' lang='grc' dir='ltr'><strong>χρὴ</strong></span> <span class='ocrx_word' id='word_1_211' title='bbox 3936 4194 4238 4313; x_wconf 65' lang='grc' dir='ltr'><strong>Προνοῖαε</strong></span> 
     </span>
     <span class='ocr_line' id='line_1_27' title="bbox 1434 4321 4243 4440; baseline 0.001 -34"><span class='ocrx_word' id='word_1_212' title='bbox 1434 4321 1606 4409; x_wconf 68' lang='lat' dir='ltr'><strong>fiait</strong></span> <span class='ocrx_word' id='word_1_213' title='bbox 1669 4326 2206 4425; x_wconf 81' lang='lat' dir='ltr'><strong>constituta3</strong></span> <span class='ocrx_word' id='word_1_214' title='bbox 2271 4327 2618 4408; x_wconf 92' lang='lat' dir='ltr'><strong>utinam</strong></span> <span class='ocrx_word' id='word_1_215' title='bbox 2643 4326 2731 4414; x_wconf 72' lang='grc' dir='ltr'>ἃ</span> <span class='ocrx_word' id='word_1_216' title='bbox 2764 4333 2950 4440; x_wconf 88' lang='lat' dir='ltr'><strong>pari</strong></span> <span class='ocrx_word' id='word_1_217' title='bbox 3013 4355 3463 4430; x_wconf 85' lang='lat' dir='ltr'><strong>successu;</strong></span> <span class='ocrx_word' id='word_1_218' title='bbox 3524 4324 3974 4413; x_wconf 80' lang='lat' dir='ltr'><strong>Eterodoxi</strong></span> <span class='ocrx_word' id='word_1_219' title='bbox 3994 4328 4243 4409; x_wconf 90' lang='lat' dir='ltr'><strong>enim</strong></span> 
     </span>
     <span class='ocr_line' id='line_1_28' title="bbox 1433 4445 4242 4568; baseline 0 -36"><span class='ocrx_word' id='word_1_220' title='bbox 1433 4446 1767 4534; x_wconf 68' lang='lat' dir='ltr'><strong>facilius</strong></span> <span class='ocrx_word' id='word_1_221' title='bbox 1811 4445 1918 4531; x_wconf 91' lang='lat' dir='ltr'><strong>ad</strong></span> <span class='ocrx_word' id='word_1_222' title='bbox 1973 4446 2381 4533; x_wconf 88' lang='lat' dir='ltr'><strong>ecclesiae</strong></span> <span class='ocrx_word' id='word_1_223' title='bbox 2435 4458 2871 4568; x_wconf 84' lang='lat' dir='ltr'><strong>gremium</strong></span> <span class='ocrx_word' id='word_1_224' title='bbox 2918 4451 3229 4538; x_wconf 87' lang='lat' dir='ltr'><strong>adduci</strong></span> <span class='ocrx_word' id='word_1_225' title='bbox 3285 4457 3769 4566; x_wconf 88' lang='lat' dir='ltr'><strong>potuissent</strong></span> <span class='ocrx_word' id='word_1_226' title='bbox 3834 4512 3856 4536; x_wconf 90' lang='lat'><strong>.</strong></span> <span class='ocrx_word' id='word_1_227' title='bbox 3922 4451 4242 4536; x_wconf 88' lang='lat' dir='ltr'><strong>Earum</strong></span> 
     </span>
     <span class='ocr_line' id='line_1_29' title="bbox 1433 4573 4239 4692; baseline -0 -33"><span class='ocrx_word' id='word_1_228' title='bbox 1433 4592 1893 4689; x_wconf 85' lang='lat' dir='ltr'><strong>propterea</strong></span> <span class='ocrx_word' id='word_1_229' title='bbox 1955 4573 2414 4659; x_wconf 87' lang='lat' dir='ltr'><strong>utilitatem</strong></span> <span class='ocrx_word' id='word_1_230' title='bbox 2449 4632 2484 4680; x_wconf 86' lang='lat'>‚</span> <span class='ocrx_word' id='word_1_231' title='bbox 2541 4578 3077 4690; x_wconf 85' lang='lat' dir='ltr'><strong>aliquatenus</strong></span> <span class='ocrx_word' id='word_1_232' title='bbox 3132 4597 3559 4692; x_wconf 85' lang='lat' dir='ltr'><strong>tyronum</strong></span> <span class='ocrx_word' id='word_1_233' title='bbox 3582 4579 3846 4665; x_wconf 90' lang='lat' dir='ltr'><strong>oculis</strong></span> <span class='ocrx_word' id='word_1_234' title='bbox 3876 4577 4239 4686; x_wconf 86' lang='lat' dir='ltr'><strong>subjice·</strong></span> 
     </span>
     <span class='ocr_line' id='line_1_30' title="bbox 1434 4699 4241 4810; baseline 0.001 -28"><span class='ocrx_word' id='word_1_235' title='bbox 1434 4728 1534 4785; x_wconf 86' lang='lat' dir='ltr'><strong>re</strong></span> <span class='ocrx_word' id='word_1_236' title='bbox 1568 4757 1601 4803; x_wconf 84' lang='lat'>‚</span> <span class='ocrx_word' id='word_1_237' title='bbox 1664 4717 1766 4782; x_wconf 90' lang='lat' dir='ltr'><strong>ut</strong></span> <span class='ocrx_word' id='word_1_238' title='bbox 1824 4699 2130 4808; x_wconf 76' lang='lat' dir='ltr'><strong>maiori</strong></span> <span class='ocrx_word' id='word_1_239' title='bbox 2183 4700 2623 4786; x_wconf 89' lang='lat' dir='ltr'><strong>alacritate</strong></span> <span class='ocrx_word' id='word_1_240' title='bbox 2678 4702 2990 4790; x_wconf 90' lang='lat' dir='ltr'><strong>iisdem</strong></span> <span class='ocrx_word' id='word_1_241' title='bbox 3040 4723 3364 4790; x_wconf 89' lang='lat' dir='ltr'><strong>vacent</strong></span> <span class='ocrx_word' id='word_1_242' title='bbox 3388 4765 3418 4810; x_wconf 86' lang='lat'>‚</span> <span class='ocrx_word' id='word_1_243' title='bbox 3482 4724 3878 4791; x_wconf 86' lang='lat' dir='ltr'><strong>nostrum</strong></span> <span class='ocrx_word' id='word_1_244' title='bbox 3907 4728 4085 4787; x_wconf 85' lang='lat' dir='ltr'><strong>esse</strong></span> <span class='ocrx_word' id='word_1_245' title='bbox 4115 4701 4241 4810; x_wconf 85' lang='lat' dir='ltr'><strong>ju·</strong></span> 
     </span>
     <span class='ocr_line' id='line_1_31' title="bbox 1435 4820 4242 4942; baseline 0.001 -35"><span class='ocrx_word' id='word_1_246' title='bbox 1435 4820 1913 4911; x_wconf 87' lang='lat' dir='ltr'><strong>dicavimus</strong></span> <span class='ocrx_word' id='word_1_247' title='bbox 1949 4882 1973 4906; x_wconf 93' lang='lat'><strong>.</strong></span> <span class='ocrx_word' id='word_1_248' title='bbox 2040 4822 2340 4936; x_wconf 86' lang='lat' dir='ltr'><strong>Itaque</strong></span> <span class='ocrx_word' id='word_1_249' title='bbox 2385 4854 2703 4939; x_wconf 91' lang='lat' dir='ltr'><strong>parum</strong></span> <span class='ocrx_word' id='word_1_250' title='bbox 2737 4847 2866 4916; x_wconf 93' lang='lat' dir='ltr'><strong>est</strong></span> <span class='ocrx_word' id='word_1_251' title='bbox 2896 4834 2991 4914; x_wconf 93' lang='lat' dir='ltr'><strong>in</strong></span> <span class='ocrx_word' id='word_1_252' title='bbox 3022 4832 3725 4916; x_wconf 86' lang='lat' dir='ltr'><strong>translationibus</strong></span> <span class='ocrx_word' id='word_1_253' title='bbox 3755 4826 4242 4942; x_wconf 87' lang='lat' dir='ltr'><strong>Archetypi</strong></span> 
     </span>
     <span class='ocr_line' id='line_1_32' title="bbox 1436 4951 4243 5072; baseline 0 -36"><span class='ocrx_word' id='word_1_254' title='bbox 1436 4966 1993 5036; x_wconf 89' lang='lat' dir='ltr'><strong>venustatem</strong></span> <span class='ocrx_word' id='word_1_255' title='bbox 2019 5005 2050 5053; x_wconf 83' lang='grc'><em>,</em></span> <span class='ocrx_word' id='word_1_256' title='bbox 2114 4967 2215 5034; x_wconf 88' lang='lat' dir='ltr'><strong>ut</strong></span> <span class='ocrx_word' id='word_1_257' title='bbox 2258 4951 2739 5065; x_wconf 90' lang='lat' dir='ltr'><strong>plurimum</strong></span> <span class='ocrx_word' id='word_1_258' title='bbox 2786 4953 3307 5060; x_wconf 84' lang='lat' dir='ltr'><strong>desiderari,</strong></span> <span class='ocrx_word' id='word_1_259' title='bbox 3371 4951 3604 5072; x_wconf 81' lang='lat' dir='ltr'><strong>quod</strong></span> <span class='ocrx_word' id='word_1_260' title='bbox 3661 4952 4018 5069; x_wconf 88' lang='lat' dir='ltr'><strong>quidem</strong></span> <span class='ocrx_word' id='word_1_261' title='bbox 4048 5010 4079 5057; x_wconf 88' lang='lat'><strong>,</strong></span> <span class='ocrx_word' id='word_1_262' title='bbox 4139 4968 4243 5037; x_wconf 91' lang='lat' dir='ltr'><strong>ut</strong></span> 
     </span>
     <span class='ocr_line' id='line_1_33' title="bbox 1438 5075 4240 5202; baseline 0.002 -43"><span class='ocrx_word' id='word_1_263' title='bbox 1438 5076 1538 5159; x_wconf 88' lang='lat' dir='ltr'><strong>in</strong></span> <span class='ocrx_word' id='word_1_264' title='bbox 1602 5075 2034 5189; x_wconf 86' lang='lat' dir='ltr'><strong>plerisque</strong></span> <span class='ocrx_word' id='word_1_265' title='bbox 2096 5080 2636 5183; x_wconf 72' lang='lat' dir='ltr'><strong>versionibus</strong></span> <span class='ocrx_word' id='word_1_266' title='bbox 2693 5138 2730 5191; x_wconf 83' lang='lat'><strong>,</strong></span> <span class='ocrx_word' id='word_1_267' title='bbox 2792 5108 2899 5169; x_wconf 91' lang='lat' dir='ltr'><strong>eo</strong></span> <span class='ocrx_word' id='word_1_268' title='bbox 2950 5087 3248 5202; x_wconf 76' lang='lat' dir='ltr'><strong>magis</strong></span> <span class='ocrx_word' id='word_1_269' title='bbox 3284 5086 3384 5167; x_wconf 90' lang='lat' dir='ltr'><strong>in</strong></span> <span class='ocrx_word' id='word_1_270' title='bbox 3444 5083 3732 5169; x_wconf 88' lang='lat' dir='ltr'><strong>latinis</strong></span> <span class='ocrx_word' id='word_1_271' title='bbox 3787 5078 4240 5168; x_wconf 88' lang='lat' dir='ltr'><strong>Sacrorum</strong></span> 
     </span>
    </p>

    <p class='ocr_par' dir='ltr' id='par_1_8' title="bbox 3973 5201 4235 5289">
     <span class='ocr_line' id='line_1_34' title="bbox 3973 5201 4235 5289; baseline -0.008 0"><span class='ocrx_word' id='word_1_272' title='bbox 3973 5235 3978 5244; x_wconf 93' lang='lat'><strong>·</strong></span> <span class='ocrx_word' id='word_1_273' title='bbox 4052 5201 4235 5289; x_wconf 80' lang='lat' dir='ltr'><strong>Co·-</strong></span> 
     </span>
    </p>
   </div>
  </div>
 </body>
</html>
