4913 6618
1521 558 1559 613 1
1581 529 1699 613 08

1510 654 2159 739 institutionem
2236 645 2741 739 adornatam
2802 710 2834 759 ‚
2926 647 3117 764 jure
3206 650 3695 763 meritoque
3795 671 4255 746 censemus
4287 683 4319 749 .’

1510 780 1937 868 Novimus
2001 807 2104 864 ex
2183 780 2511 866 Hister.
2601 780 3083 866 Ecclesiast.
3157 776 3496 863 Eusebii
3557 780 3697 865 lib.
3735 795 3853 863 vl.
3922 807 4111 894 cap.
4165 817 4239 868 1.
4282 843 4320 896 ,

1508 905 1597 992 8(
1661 906 1857 989 alibi
1895 965 1924 1011 ‚
1986 934 2250 1019 quam
2314 907 2689 990 illustria
2734 934 2907 1020 per
2968 930 3267 992 omues
3320 906 3637 1016 ubique
3694 903 4073 988 Iocorum
4151 910 4318 994 Ec.

1509 1032 1707 1115 clesi
1709 1060 1809 1115 as
1839 1034 1948 1117 ab
1978 1031 2323 1116 athletis
2369 1061 2541 1144 pro
2583 1034 2921 1146 pietate
2949 1029 3476 1114 certantibus
3531 1031 3925 1137 confecta
3969 1031 4314 1132 fuerint

1508 1159 1934 1272 martyria
1970 1214 1998 1258 ‚
2059 1175 2245 1242 toto
2298 1158 2441 1240 illo
2494 1153 2725 1240 dirae
2786 1155 3406 1267 persecutionis
3469 1153 3862 1267 temp‘ore
3895 1212 3926 1258 ,
3990 1157 4225 1268 quod
4280 1218 4314 1268 ,

1507 1279 2074 1366 Tillemontio
2096 1301 2400 1370 contra
2431 1279 3011 1369 Dodvvellum
3041 1280 3617 1382 observante,
3680 1281 3785 1362 ab
3815 1308 4059 1365 anno
4092 1312 4309 1371 202.

1506 1403 1614 1489 ad
1680 1435 1890 1490 212.
1950 1434 2223 1517 usque
2302 1409 2460 1490 sub
2534 1405 2853 1490 Severo
2906 1408 3214 1519 Imper.
3287 1401 3633 1490 effluxit
3699 1467 3721 1487 .
3822 1405 3956 1487 Ea
4021 1427 4312 1497 tamen

1500 1528 1801 1640 μόλις-α,
1844 1534 1927 1613 σθ’
1958 1527 2306 1617 trabem
2365 1534 2500 1615 ἔπ’
2540 1532 3162 1648 '‘AMZoerd‘pdac
3231 1563 3365 1613 των
3442 1523 3775 1637 ΆιγυπἽε
3824 1517 3886 1608 Ε
3948 1536 4300 1646 Onpoe‘td'og

1505 1653 1854 1741 dean-rav
1881 1686 1905 1711 ·
1966 1661 2374 1741 Maxime
2440 1658 3028 1744 Alexandriae
3078 1657 3750 1769 percrebuerunt
3797 1713 3828 1758 ,
3915 1684 4108 1741 curn
4191 1690 4307 1748 ea:

1500 1785 1902 1868 universa
1962 1783 2374 1902 Aegypto
2433 1841 2466 1888 ‚
2567 1783 2673 1872 <Sc
2731 1782 3348 1869 THEBAIDE
3435 1777 3873 1866 lectissimi
3951 1785 4304 1901 pugiles

1501 1923 1945 2020 tamquam
2008 1910 2130 1991 acl
2161 1909 2789 2021 amplissimum
2840 1912 3005 1994 Dei
3056 1909 3432 1994 stadium
3489 1906 4107 1991 deducerentur
4143 1967 4174 2013 ,
4195 1930 4298 1995 ut

1495 2034 1914 2146 nisusque
1973 2035 2209 2118 morli
2266 2052 2699 2118 tormenta
2759 2091 2792 2139 ,
2854 2053 3336 2145 mortesque
3397 2032 3713 2115 invicto
3771 2032 4062 2116 auimo
4077 2061 4299 2144 per-

1473 2158 1784 2267 pessi9
1816 2159 2335 2243 immortales
2389 2189 2447 2243 a
2507 2161 2690 2243 Deo
2744 2188 3103 2245 coronas
3152 2157 3700 2271 acciperent.
3767 2152 4023 2267 Quod
4075 2161 4145 2241 si
4191 2186 4299 2247 ex

1497 2281 1925 2372 Thebaide
1987 2282 2352 2398 perinde
2408 2303 2665 2396 atque
2717 2311 2821 2368 ex
2883 2288 3286 2373 universa
3348 2278 3805 2428 Aegypta
3781 2284 4294 2397 lusigniores

1490 2403 1733 2490 Fidei
1786 2413 2113 2527 pugiles
2145 2408 2750 2496 Alexandriam
2787 2470 2818 2515 ,
2879 2412 3150 2499 veluti
3183 2414 3277 2493 in
3303 2409 3800 2494 certaminis
3832 2432 4238 2521 campum
4262 2470 4295 2517 ‚

1487 2527 1599 2613 ad
1652 2537 2069 2646 supplicia
2100 2596 2127 2632 ‚
2189 2535 2277 2623 8(
2333 2556 2706 2620 mortem
2764 2566 2922 2650 pro
2986 2537 3326 2623 Christo
3389 2527 3924 2616 subeundam
3976 2559 4080 2618 ex
4136 2535 4294 2622 Se-

1487 2664 1672 2742 veri
1723 2656 2008 2747 edicto
2070 2689 2214 2745 an.
2259 2687 2471 2747 202.
2540 2662 2628 2750 8(
2685 2689 2922 2775 seqq.
2965 2720 2995 2766 ‚
3056 2659 3751 2760 attrahebantur,
3817 2659 4011 2741 satis
4079 2690 4288 2776 pro-

1483 2778 1716 2868 fecto
1764 2813 2129 2903 magnus
2176 2786 2436 2873 filisse
2485 2793 2865 2900 oportuit
2919 2788 3582 2873 christianorum
3618 2809 4032 2868 numerus
4059 2846 4090 2892 ,
4134 2795 4288 2903 qui

1482 2910 1826 2996 saeculo
1876 2911 2337 2997 desinente
2388 2912 2775 3001 secundo
2826 2918 2921 2998 in
2968 2907 3404 3000 Thebaide
3457 2911 3994 2996 versabatur.
4055 2911 4182 2998 At
4214 2921 4290 3002 is

1480 3059 1668 3119 non
1723 3041 2010 3147 potuit
2063 3066 2249 3123 non
2315 3043 2610 3155 augeri
2674 3043 2904 3126 circa
2950 3058 3077 3121 111.
3136 3036 3446 3122 saeculi
3511 3032 3902 3121 medium
3953 3039 4049 3120 in
4084 3068 4288 3152 per-

1477 3166 1926 3250 secutione
1983 3164 2230 3249 Decii
2272 3220 2303 3265 ,
2366 3182 2471 3247 ut
2535 3167 2812 3249 multo
2875 3162 3231 3248 demum
3287 3165 3621 3247 auctior
3652 3220 3684 3265 ,
3744 3161 3831 3248 8(
3885 3159 4284 3276 frequen·

1477 3290 1650 3370 tior
1706 3292 1861 3373 sub
1920 3290 2466 3375 Diocletiano
2533 3347 2562 3394 ‚
2622 3288 2710 3377 8(
2766 3290 3301 3376 Maximiano
3366 3288 3633 3376 evasit
3669 3349 3691 3372 .
3758 3286 4014 3402 Quod
4076 3320 4287 3383 cum

1472 3412 1822 3499 aliunde
1856 3474 1885 3519 ,
1947 3435 2143 3500 tum
2187 3441 2396 3504 vero
2459 3420 2830 3501 maxime
2872 3444 2976 3501 ex
3026 3417 3171 3501 lib.
3209 3434 3403 3507 V111.
3452 3414 3678 3497 Hist.
3741 3413 3837 3498 E.
3889 3415 4279 3525 ejusdem

1472 3536 1818 3625 Eusebii
1885 3570 2072 3655 cap.
2114 3573 2199 3656 9.
2256 3545 2809 3655 perspicuum
2860 3560 2990 3626 est
3050 3599 3073 3623 .
3142 3542 3498 3626 Omnem
3547 3540 3886 3625 dicendi
3941 3545 4279 3656 copiam

1471 3656 1528 3774 (
1585 3668 1877 3778 inquit
1940 3666 2175 3752 idem
2239 3672 2422 3780 ipse
2479 3666 2530 3772 )
2588 3686 3005 3783 superant
3056 3667 3485 3751 cruciatus
3507 3664 3633 3749 illi
3665 3722 3697 3770 ‚
3758 3696 3864 3750 ac
3893 3668 4225 3756 dolores
4248 3729 4283 3777 ,

1467 3816 1687 3903 quos
1738 3794 1936 3876 ωτὰ
1996 3791 2357 3895 offlam&
2413 3796 2663 3905 apucl
2725 3794 3239 3879 Thebaidem
3288 3849 3320 3897 ,
3379 3793 3841 3909 Martyres
3882 3796 4279 3906 pertule-

1465 3935 1680 3999 runt
1708 3974 1730 3997 .
1773 3976 1795 4000 .
1828 3974 1852 3999 .
1907 3919 2209 4030 Atque
2263 3920 2477 4002 baec
2528 3920 2822 4002 omru‘a
2884 3947 3061 4004 nou
3105 3916 3422 4032 paucis
3483 3917 3780 4004 diebus
3811 3975 3844 4024 ‚
3902 3944 4061 4002 nec
4080 3926 4278 4007 exi-

1455 4069 1649 4159 ¹quo
1710 4046 2116 4157 temporis
2177 4044 2460 4156 spatio
2490 4100 2520 4145 ‚
2581 4044 2739 4128 secl
2767 4044 3127 4158 prolixo
3184 4045 3515 4154 aliquot
3597 4072 4024 4130 armorum
4088 4075 4283 4132 cur·-

1467 4167 1735 4252 riculo
1803 4170 2209 4254 contiuuo
2253 4188 2769 4282 perpetrata
2801 4191 3064 4254 sunt:
3133 4196 3330 4253 cum
3403 4196 3636 4252 nunc
3678 4170 3885 4254 (leui
3926 4228 3957 4275 ‚
4019 4173 4280 4259 iuter-

1464 4292 1676 4376 clum
1710 4292 1988 4378 viceni
2026 4354 2059 4400 ,
2122 4292 2230 4385 ὃς.
2250 4296 2621 4409 amplius
2646 4353 2677 4399 ,
2708 4323 3333 4408 nonuunquam
3367 4294 3492 4378 acl
3488 4294 3889 4439 ‘triginta
3934 4323 4210 4416 usque
4239 4357 4273 4407 ,

1462 4413 1573 4507 66
1632 4423 2165 4540 sexaginta:
2206 4421 2730 4534 quandoque
2783 4418 2891 4509 &-
2943 4420 3279 4506 centeni
3337 4421 3507 4503 viri
3551 4421 3877 4525 simul,
3939 4450 4046 4506 ac
4092 4453 4273 4509 mu

1460 4541 1708 4625 lieres
1769 4574 1962 4628 cum
1982 4544 2384 4703 parvulis
2415 4573 2590 4628 uuo
2624 4546 2763 4629 die
2790 4546 3596 4655 interficet-entatu.
3641 4544 3951 4629 .NOS
3986 4548 4274 4659 QUO-

1458 4666 1696 4777 QUE
1754 4694 1958 4753 cum
2018 4668 2135 4752 ἰπὶ
2191 4665 2321 4752 τοῗν
2387 4666 2630 4754 τόπων
2707 4664 3034 4779 γενόμενοι
3113 4669 3235 4752 ΙΝ
3328 4669 3613 4757 ILLIS
3698 4669 4269 4761 PARTIBUS

1459 4789 2168 4879 DEGEREMUS
2204 4851 2236 4899 ‚
2266 4795 2944 4908 quamplurimos
3009 4799 3554 4902 acervatim,
3587 4797 3778 4880 κατὰ
3810 4796 3974 4909 μίαν
4009 4793 4260 4921 infigas

1455 4944 1632 5003 uno
1681 4919 1825 5006 die
1856 4978 1887 5026 ,
1947 4921 2166 5006 alios
2227 4921 2575 5032 quidem
2630 4922 2914 5033 capite
2945 4940 3394 5008 truncatos
3425 4978 3459 5028 ,
3517 4924 3729 5007 alios
3759 4952 3962 5010 vero
4000 4934 4268 5033 flam-

1454 5044 1623 5129 mis
1685 5048 2055 5135 traditos
2111 5046 2548 5135 vidimus:
2616 5047 2830 5135 adeo
2885 5067 2988 5138 ut
3037 5048 3321 5173 ⁶qlaclii
3385 5048 3554 5163 ipsi
3597 5049 4207 5139 hebetat-entur
4229 5109 4264 5156 ‚

4146 5175 4259 5272 <3⁶
