4913 6618
2637 723 2720 835 §-
2848 715 3199 810 xvu.

2580 974 2719 1058 De
2790 977 2880 1061 V
2870 976 3182 1093 ul‘qata
3225 1029 3247 1053 .

1516 1097 2034 1328 Quandiu
2090 1220 2529 1307 sincerum
2572 1225 2762 1309 Deo
2827 1224 3161 1307 cultum
3228 1221 3820 1308 Hebraeorum
3869 1218 4330 1348 synagoga

1522 1340 1710 1424 Deo
1755 1338 1865 1421 O.
1939 1341 2071 1426 M.
2143 1352 2643 1456 praestitit,
2706 1346 3031 1433 credita
3095 1348 3257 1433 illis
3325 1350 3659 1464 eloquia
3714 1349 3879 1435 Dei
3965 1349 4331 1438 fideliter

1522 1467 1961 1549 -rtinuere
2029 1498 2053 1548 ε
2153 1488 2445 1579 postea
2510 1489 2723 1560 vero
2775 1501 3039 1585 quam
3072 1473 3429 1560 Messias
3494 1477 4118 1592 Prophetarum
4173 1503 4329 1562 ore

1522 1593 1987 1704 promissus
2021 1649 2052 1692 ‚
2115 1613 2374 1706 atque
2431 1597 2643 1685 adeo
2708 1628 3042 1685 summa
3104 1605 3414 1687 veritas
3449 1659 3481 1705 ‚
3545 1603 3709 1688 Dei
3773 1599 3996 1685 filius
4062 1599 4330 1686 abeo·

1526 1747 1723 1802 rum
1790 1715 2136 1829 perfidia
2192 1727 2810 1811 atrocissimam
2875 1754 3162 1836 passus
3226 1746 3355 1811 est
3391 1727 3818 1839 repulsam
3852 1784 3884 1836 ‚
3914 1755 4092 1812 una
4123 1752 4334 1812 cum

1526 1843 1983 1958 Religione
2020 1902 2051 1948 ‚
2114 1845 2603 1962 Scripturae
2668 1851 3011 1939 divinae
3065 1850 3434 1937 soliditas
3533 1852 3641 1938 ad
3730 1848 4061 1937 Gentes
4109 1853 4335 1937 emi-

1527 1972 1807 2087 gravit
1844 2028 1873 2072 ,
1932 1968 2019 2054 <31
2081 1975 2173 2057 in
2229 1979 2912 2093 vulgatissimum
2955 1995 3174 2063 tunc
3232 1981 3649 2089 temporis
3696 1973 4019 2062 idioma
4066 1974 4335 2062 Grae·-

1526 2124 1737 2182 cum
1802 2107 2112 2211 partim
2181 2105 2590 2188 translata
2645 2162 2676 2208 ,
2771 2106 3086 2217 partim
3139 2108 3629 2214 conscripta
3713 2098 4020 2186 eodem
4086 2100 4265 2185 fiJit
4301 2156 4328 2182 .

1529 2222 1675 2309 Ad
1723 2228 2298 2311 inscrutabilia
2353 2227 2669 2338 judicia
2721 2232 2887 2315 Dei
2946 2284 2981 2336 9
3041 2233 3391 2340 viasque
3458 2228 3641 2337 ejus
3706 2226 4342 2340 investigabiles

1528 2357 1627 2436 in
1699 2358 2000 2467 primis
2036 2412 2064 2455 ,
2127 2369 2320 2438 tum
2398 2352 2508 2440 ad
2601 2354 2876 2440 ferme
2956 2360 3517 2473 congenitam
3574 2348 3926 2437 Graecis
3991 2350 4340 2435 laevita-

1435 2465 1446 2470 ι
1531 2497 1780 2577 tem,
1845 2475 2160 2561 deinde
2225 2477 2333 2562 ad
2391 2478 2870 2591 φιλοθοξιαν,
2933 2474 2995 2562 Q
3049 2516 3160 2565 την
3236 2476 3692 2602 υποςηφσινιαν
3767 2474 4089 2562 referre
4142 2491 4273 2559 est
4302 2524 4340 2578 2

1533 2602 1768 2715 quod
1826 2602 2132 2687 Graeci
2197 2607 2302 2688 ab
2357 2607 2730 2694 Ecclesia
2793 2609 3201 2719 paulatim
3258 2604 3835 2693 desciscentes
3870 2659 3902 2707 ,
3964 2598 4343 2712 sejuncti

1534 2729 1890 2814 demum
1943 2727 2273 2814 fuerint
2304 2789 2334 2836 ‚
2397 2732 2802 2845 quodque
2870 2733 3315 2820 sacrarum
3373 2734 3903 2821 Litterarum
3957 2782 3993 2832 ,
4051 2721 4344 2810 Fidei-

1535 2883 1712 2969 que
1776 2852 2203 2939 rectitudo
2266 2856 2374 2940 ad
2439 2860 2798 2942 Latinos
2855 2857 3199 2947 devolvi
3231 2917 3263 2965 ‚
3328 2887 3514 2942 non
3583 2882 3828 2942 secus
3860 2877 3958 2938 ac
3989 2849 4096 2934 ab
4124 2876 4334 2956 axe,

1532 2985 1919 3095 coeperit
1953 3039 1983 3083 ‚
2046 2980 2133 3068 ἃ
2180 3002 2432 3068 nacta
2464 2989 2574 3069 sit
2599 2985 3141 3071 stabilitatem
3175 3041 3200 3068 .
3266 2985 3576 3071 Unum
3620 3005 3869 3067 nunc
3919 2974 4341 3064 codicem

1537 3108 1832 3193 Latini
1889 3135 2413 3195 veneramur
2442 3111 2885 3197 authentia
2909 3114 3430 3230 insignitum
3466 3169 3497 3215 ‚
3559 3105 3977 3195 Codicem
4023 3103 4343 3214 absque

1538 3240 2128 3324 controversia
2180 3223 2845 3349 pervetustum.
2908 3243 3361 3327 universae
3414 3237 3837 3325 Ecclesiae
3907 3253 4347 3318 consensu

1541 3368 1992 3452 munitum
2021 3422 2054 3467 ,
2114 3360 2221 3446 ad
2267 3359 2636 3450 Graecos
2693 3391 3041 3478 quoque
3098 3361 3461 3453 Codices
3527 3355 4090 3449 emendatum
4123 3412 4157 3461 ‚
4181 3357 4349 3443 sci·

1542 3488 1748 3575 licet
1789 3491 1879 3575 V
1871 3492 2224 3607 algam·
2247 3490 2610 3572 Latinae
2648 3490 3025 3576 Teaetum
3070 3550 3102 3598 ‚
3163 3491 3415 3601 cuius
3445 3493 3807 3575 nonnisi
3843 3481 4278 3569 nefarium
4302 3534 4339 3588 ,

1537 3644 1644 3704 ac
1701 3616 2200 3730 sacrilegum
2263 3639 2444 3699 esse
2506 3613 2967 3728 repudium
3032 3635 3291 3730 queat
3326 3677 3349 3702 .
3415 3618 3980 3731 Quantopere
4036 3613 4169 3697 vir
4204 3607 4350 3693 ine

1545 3771 1937 3830 summus
1993 3742 2312 3826 Latine
2344 3799 2374 3843 ‚
2437 3741 2862 3829 Hebraice
2897 3801 2928 3846 ‚
2989 3739 3445 3830 Chaldaice
3479 3803 3509 3848 ,
3575 3741 3926 3858 Syr-iace
3958 3796 3989 3842 ‚
4053 3732 4355 3819 Arabi-

1546 3897 1654 3958 ce
1689 3932 1717 3973 ‚
1775 3867 2104 3954 Graece
2135 3928 2165 3971 ‚
2226 3871 2675 3980 patrioque
2730 3897 3132 3956 sermone
3190 3871 3501 3956 Illirico
3557 3867 4099 3955 doctissimus
4153 3860 4362 3944 Hie-

1548 4022 1969 4109 ronymus
2030 3992 2640 4077 Stridoniensis
2702 3997 2797 4080 in
2865 3997 3006 4079 illa
3062 3994 3524 4084 reficienda
3557 4053 3588 4096 ‚
3650 3984 4356 4108 perficiendaque

1549 4120 1975 4205 insudarit
2009 4179 2039 4223 ‚
2100 4122 2470 4205 Damaso
2525 4118 2622 4203 P.
2666 4120 2800 4207 M.
2858 4122 3217 4232 jubente
3250 4181 3282 4229 ,
3344 4118 3633 4235 quoad
3689 4118 4361 4232 Evangeliorum

1552 4244 1935 4334 Graecae
1990 4245 2189 4331 fidei
2255 4251 2895 4334 restitutionem
2922 4307 2952 4352 ,
3014 4276 3113 4334 ac
3160 4277 3481 4367 magno
3523 4250 3897 4332 Parente
3954 4241 4361 4356 Augusti·

1555 4403 1683 4462 no
1716 4436 1746 4480 ‚
1811 4373 2043 4487 quod
2100 4394 2429 4487 spectat
2492 4373 2599 4459 ad
2665 4374 3221 4492 Septuaginta
3287 4377 3569 4462 viralis
3625 4373 4281 4457 translationem
4325 4422 4366 4472 ,

1554 4500 2011 4589 Pamachio
2053 4500 2409 4614 aliisque
2476 4503 3041 4586 hortatoribus
3068 4560 3098 4607 ‚
3161 4498 3694 4585 eruditorum
3749 4499 4156 4612 praeterit
4203 4516 4366 4574 ne-

1557 4635 1898 4718 minem
1935 4689 1957 4712 .
2026 4627 2417 4713 Aderant
2516 4629 3037 4743 Hieronymi
3107 4644 3501 4740 tempore
3587 4626 4007 4741 plurimae
4071 4619 4194 4707 V.
4245 4616 4363 4701 T·

1555 4757 1880 4843 latinae
1945 4759 2380 4840 versiones
2440 4782 2545 4838 ex
2604 4749 2931 4838 Graeca
2986 4771 3190 4837 Lxx.
3259 4781 3697 4867 expressae
3730 4808 3765 4856 ‚
3824 4769 3925 4834 ut
3957 4744 4375 4865 Augusti-

1560 4911 1735 4973 nus
1800 4884 2091 4991 inquit
2146 4883 2290 4965 lib.
2320 4900 2569 4966 xv111.
2631 4875 2739 4961 de
2793 4878 3059 4966 Civit.
3087 4879 3251 4965 Der
3275 4907 3461 4996 cap
3473 4909 3625 4995 43.
3665 4909 3695 4981 ς
3755 4876 4159 4959 Romana
4191 4873 4365 4960 Ec-

1561 5014 1819 5103 clesia
1878 5010 2236 5097 aliarum
2313 5005 2730 5121 Princeps
2790 5032 2892 5095 ea
2943 5009 3341 5096 utebatur
3397 5065 3433 5120 ‚
3492 5030 3714 5123 quae
3796 4999 4062 5093 modo
4136 5004 4370 5087 Itala

4174 5131 4377 5217 alias
