4913 6618
39 4765 91 5344 UOng-oreu

3326 533 3378 593 2

653 618 821 709 biti*
854 643 1043 710 non
1094 633 1307 708 sunt
1326 676 1358 728 ,
1380 624 1837 736 propterea
1896 613 2136 734 ‘quod
2200 640 2388 707 non
2450 617 2718 711 fuerit
2745 636 2981 711 certa
3024 534 3449 721 successi}

650 745 1271 863 Prophetarum
1302 804 1329 829 .
1389 749 1673 834 Lubet
1704 750 2061 834 interim
2093 742 2617 865 Judaeorum
2670 749 3131 845 Canonem
3192 788 3448 873 pgae..

648 892 924 961 eunte
967 875 1514 991 Hieronymo
1545 876 1640 961 in
1673 874 2039 990 prologo
2094 871 2450 960 Galeato
2485 929 2518 978 ,
2549 876 2670 957 sic
2705 870 3186 966 describere
3219 943 3243 969 .
3278 888 3447 973 Ge-

650 1002 878 1084 nesis
910 1056 943 1105 ,
977 996 1243 1086 ducto
1302 1000 1558 1087 titulo
1617 999 1724 1082 ab
1752 1001 2011 1083 initio
2052 1000 2243 1084 libri
2276 1058 2307 1105 ,
2339 1000 2763 1085 Hebraice
2797 997 3114 1091 dicitur
3154 1035 3449 1107 mvn-,³

645 1121 741 1208 in
756 1127 1192 1238 principio
1225 1180 1249 1206 .
1282 1126 1648 1212 Emodus
1671 1125 2063 1243 similiter
2089 1126 2562 1239 appellatur
2615 1149 2817 1214 nmo
2857 1125 3034 1216 n¹7m
3085 1136 3204 1217 Et
3230 1139 3450 1229 haec

646 1269 858 1335 sunt
904 1252 1258 1336 nomina
1294 1308 1318 1334 .
1384 1251 1815 1335 leviticus
1870 1247 2086 1337 item
2141 1280 2301 1367 'va
2366 1252 2488 1335 Et
2547 1256 2898 1338 vocavit
2932 1313 2956 1336 .
3021 1258 3452 1360 IVumero.

649 1400 849 1459 rum
911 1376 1127 1460 liber
1184 1372 1423 1460 audit
1486 1378 1803 1488 pariter
1834 1372 2065 1488 apud
2097 1376 2528 1461 Hebraeos
2594 1405 2799 1472 -ιιι-ῐη
2855 1378 2979 1461 Et
3040 1383 3452 1498 loquutus

649 1516 785 1582 est
820 1555 844 1581 .
907 1499 1356 1587 Deuteron
1368 1503 1701 1587 omium
1779 1527 2132 1612 quoque
2222 1518 2586 1589 vocatur
2665 1530 2946 1594 marm
2990 1512 3140 1596 n‘m
3203 1518 3450 1615 Haec

648 1642 862 1708 sunt
916 1628 1183 1711 verba
1214 1684 1241 1709 .
1305 1627 1722 1739 Quinque
1763 1624 1854 1710 hi
1906 1643 2116 1711 sunt
2175 1625 2367 1712 libri
2421 1624 2813 1743 Moysis,
2847 1658 3066 1744 quos
3096 1647 3449 1755 proprie

655 1774 840 1841 mvn
904 1751 1221 1870 Legem
1278 1750 1713 1864 appellant
1740 1806 1764 1832 .
1838 1747 2142 1836 Sextus
2171 1809 2204 1857 ,
2237 1756 2391 1866 qui
2445 1757 2779 1864 primus
2837 1776 2967 1845 est
3012 1764 3240 1874 apud
3272 1770 3450 1855 He·-

652 1877 947 1961 braeos
999 1877 1412 1961 librorum
1469 1874 1831 1964 secundi
1889 1872 2218 1961 ordinis
2276 1934 2309 1983 ,
2372 1880 2644 1965 latine
2723 1881 3040 1971 dicitur
3113 1895 3384 2000 Josue
3418 1952 3449 1980 .

651 1998 1075 2085 Hebraice
1127 2008 1336 2087 vero
1393 2028 1453 2103 μ
1498 2024 1573 2101 ῐει
1614 2027 1834 2097 vum*
1878 2004 2149 2109 Josue
2192 2004 2441 2111 filius
2506 2005 2720 2090 Nun
2759 2068 2783 2093 .
2852 2009 3286 2125 Septimus
3320 2039 3454 2111 est

601 2236 607 2243 ,
628 2125 1038 2231 Judicum
1069 2156 1093 2208 x
1161 2121 1393 2238 apud
1422 2125 1854 2210 Hebraeos
1881 2150 2172 2213 manu:
2211 2127 2442 2213 Huic
2475 2125 2965 2219 adnectitur
2984 2165 3122 2228 tm
3152 2144 3442 2232 Ruth.

648 2247 1031 2335 Octavus
1100 2244 1344 2333 'vunnu
1413 2250 1773 2333 Samuel
1806 2309 1830 2334 .
1895 2246 2160 2363 Apud
2229 2281 2393 2338 nos
2453 2282 2664 2340 vero
2709 2262 3123 2371 primus,
3156 2265 3243 2352 ἃ
3309 2298 3449 2354 se..

649 2373 987 2457 cundus
1044 2374 1387 2490 Regum
1447 2369 1686 2459 audit
1718 2431 1745 2456 .
1805 2372 2113 2460 Nonus
2176 2377 2410 2461 02:²22:
2468 2381 2812 2498 Regum
2854 2442 2876 2467 .
2943 2386 3044 2472 In
3080 2391 3448 2510 Vulgata

650 2500 964 2581 tertius
988 2552 1019 2599 ,
1046 2493 1136 2581 81
1159 2517 1530 2607 quartus
1558 2500 1907 2617 Regum
1936 2559 1961 2582 .
2027 2501 2435 2615 Sequitur
2467 2500 2852 2593 decimus
2886 2536 3103 2610 nvvuv
3132 2519 3449 2606 Isuias‘.

651 2618 1191 2704 Undecimus
1246 2643 1450 2709 rma-0²
1493 2626 1916 2731 Ieremias
1951 2682 1978 2707 .
2042 2624 2631 2714 Duodecimus
2693 2628 2945 2745 'nepta’
3006 2642 3450 2734 Ezechiel.

650 2744 1063 2831 Decimus
1126 2748 1429 2830 tertius
1492 2774 1656 2847 πων
1699 2775 1826 2838 ’ῆι-ι
1889 2748 2372 2838 Duodecim
2436 2754 3063 2869 Prophetarum
3154 2773 3452 2858 mino-

648 2898 851 2957 rum
888 2929 913 2953 .
970 2871 1386 2955 Decimus
1442 2889 1796 2982 quartus
1859 2905 2012 2964 :vs
2048 2880 2283 2987 J0b3
2344 2884 2499 2989 qui
2554 2880 2642 2967 ἃ
2697 2891 3034 2996 primus
3092 2894 3456 2985 habetur

647 2997 1206 3107 sequentium
1270 2996 1979 3115 agiographorum
2021 3061 2052 3106 ‚
2111 2999 2513 3088 videlicet
2579 3033 2705 3092 ‘m
2756 3014 3061 3098 David
3086 3075 3107 3097 .
3182 3018 3456 3121 Hunc

650 3121 970 3205 librum
1036 3119 1407 3205 Hebraei
1461 3124 2224 3235 comprehendunt
2323 3133 2727 3251 quinque
2821 3141 3388 3231 incisionibus
3421 3208 3454 3256 ,

650 3242 739 3333 81
800 3272 989 3333 uno
1051 3248 1504 3333 volumine
1567 3245 2099 3341 Psalmorum
2131 3313 2155 3338 .
2219 3252 2635 3344 Decimus
2685 3281 2967 3348 sextus
3027 3273 3246 3357 nobe
3300 3274 3459 3361 Sa.

650 3371 941 3457 lomon
994 3388 1168 3455 tres
1222 3372 1480 3457 libros
1522 3373 1844 3462 habens
1883 3438 1916 3486 ,
1950 3383 2377 3466 nimirum
2436 3381 3100 3484 proverbiorum
3137 3453 3170 3500 ,
3237 3427 3457 3510 quae

648 3495 775 3582 illi
835 3489 1048 3579 ’bevo
1118 3491 1339 3580 idest
1423 3497 1900 3584 parabolas
1975 3506 2409 3616 appellant
2468 3566 2493 3589 .
2560 3514 2969 3601 Decimus
3033 3525 3458 3631 septimus

648 3620 926 3734 ῃθηρς
963 3623 1117 3731 qui
1141 3620 1697 3705 Ecclesiastes
1720 3621 2043 3712 dicitur
2072 3684 2096 3710 .
2159 3630 2574 3718 Decimus
2615 3658 2968 3725 octavus
3018 3668 3282 3734 ova’vn
3323 3679 3459 3738 vv

651 3740 919 3860 Apud
982 3771 1147 3830 nos
1181 3799 1214 3849 ‚
1249 3744 1701 3831 Canticum
1735 3753 2265 3839 canticorum
2304 3812 2328 3837 .
2392 3756 2812 3848 Decimus
2877 3794 3176 3853 nonus
3245 3771 3464 3864 ’,ψῃ

649 3870 971 3957 Daniel
998 3929 1022 3954 .
1117 3868 1601 3985 vigesimus
1662 3891 1871 3961 nvom
1902 3903 2078 3966 ’τη
2148 3879 2433 3964 Verba
2508 3886 2841 3972 dierum
2880 3948 2904 3973 .
2970 3889 3237 4005 Apud
3296 3928 3458 3986 nos

649 4001 986 4110 primus
1012 4052 1047 4103 ‚
1073 3991 1164 4082 ἃ
1210 3994 1425 4080 alter
1469 3996 2191 4108 Paralipomenon
2261 4063 2292 4110 ,
2348 4031 2502 4094 seu
2567 4021 3384 4123 praetermissorum
3425 4073 3466 4110 .-

647 4119 1135 4240 Vigesimus
1164 4124 1495 4233 primus
1563 4151 1742 4221 mxv
1808 4120 2134 4212 Esdras
2170 4187 2201 4210 .
2259 4130 2740 4249 Vigesimus
2775 4141 3206 4230 secundus
3240 4175 3449 4240 anos

653 4247 971 4334 Esther
1006 4305 1030 4330 .
1098 4247 1221 4331 Hi
1283 4265 1498 4331 sunt
1560 4277 1667 4337 ex
1721 4248 2268 4367 Hieronymo
2350 4261 2545 4343 libri
2597 4320 2627 4366 ,
2699 4292 2916 4375 quos
2984 4270 3311 4388 Judaei.
3358 4280 3456 4360 in

653 4374 1032 4458 Canone
1084 4374 1883 4485 complectebantur
1915 4437 1946 4483 ,
1981 4384 2373 4491 quamvis
2406 4442 2436 4488 ,
2472 4404 2575 4470 ut
2629 4391 2815 4501 ipse
2859 4393 3124 4481 refert
3150 4456 3180 4502 ,
3215 4427 3457 4484 non-

650 4498 912 4581 nullis
978 4499 1187 4585 olim
1236 4495 1676 4606 videretur
1727 4499 2419 4613 superaddendos
2487 4538 2667 4599 esse
2726 4517 2983 4604 libros
3030 4546 3272 4638 mmm
3318 4549 3459 4612 nm

650 4623 897 4708 Ruth
956 4681 989 4730 ,
1028 4621 1137 4714 66
1193 4622 1507 4710 Cinotlz
1545 4684 1570 4707 .
1630 4627 2282 4744 Hieronymum
2354 4643 2627 4723 secuti
2691 4662 2899 4728 sunt
2964 4643 3050 4729 S.
3087 4648 3459 4762 Epipha-

652 4750 855 4832 nius
920 4751 1075 4834 lib.
1135 4745 1244 4834 de
1308 4747 1771 4852 Ponderib.
1831 4752 1918 4840 ἃ
1973 4754 2372 4843 Mensur.
2429 4790 2619 4877 cap.
2650 4785 2774 4855 111.
2810 4768 3457 4873 ,Damascenus

650 4859 795 4957 lib.
836 4893 958 4963 ιν.
1030 4874 1274 4962 Fidei
1334 4873 1875 4963 orthodoxae
1901 4906 2091 4992 cap.
2128 4901 2346 4976 XVII.
2385 4945 2417 4992 ,
2449 4891 2767 5003 aliique
2801 4951 2825 4976 .
2863 4892 3188 4983 Parum
3223 4958 3253 5004 ,
3292 4905 3478 4987 nisi-

652 4996 1218 5115 vehementer
1278 5003 1650 5091 fallimur
1686 5063 1720 5114 ‚
1754 5006 1874 5090 illi
1898 5030 2220 5124 urgent
2251 5069 2284 5116 ,
2320 5019 2474 5126 qui
2504 5036 2919 5137 regerunt
2948 5020 3031 5108 N
3037 5024 3476 5114 ehemiam-
