4913 6618
1528 561 1580 618 0

1453 564 1749 770 {linae
1772 682 2050 779 genus
2079 718 2108 767 ,
2139 656 2226 749 ἃ
2252 652 2768 749 eruditionis
2804 672 2934 746 est
2962 658 3537 748 necessarium
3571 665 3606 767 “,
3638 661 3980 751 nullum
4019 665 4262 754 enim

1448 784 1693 893 quod
1754 816 1945 875 non
2010 791 2253 900 juvet
2288 848 2319 892 ,
2374 788 2461 876 &
2516 792 2613 873 in
2662 790 3276 874 obscurissimis
3334 815 3586 903 saepe
3641 789 3906 897 locis9
3968 820 4073 877 ex
4125 797 4257 877 in·

1452 909 1659 997 fima
1714 933 1895 999 arte
1929 972 1959 1020 ‚
2015 934 2163 1001 aut
2225 920 2643 1030 scriptore
2697 918 2843 1000 lux
2897 915 3120 998 clara
3163 918 3345 1025 peti
3377 932 3659 1029 potest
3693 974 3717 998 .
3776 920 4021 1032 Quae
4054 920 4261 1030 quia

1456 1043 1757 1125 omnia
1808 1039 2192 1154 perfecte
2254 1045 2780 1155 complecti,
2845 1068 3031 1123 non
3096 1043 3358 1123 unius
3419 1062 3544 1126 est
3594 1044 4262 1149 hominis‚con·

1452 1190 1831 1277 sequens
1892 1186 2188 1253 tamen
2260 1186 2390 1253 est
2420 1226 2450 1270 ,
2507 1187 2607 1251 ut
2665 1187 2920 1252 tanto
2980 1166 3123 1254 ille
3184 1163 3294 1247 ad
3356 1166 3989 1278 perfectionem
4051 1190 4290 1282 pro-⁸

1458 1294 1652 1405 pius
1707 1290 2059 1378 accedat
2089 1352 2121 1397 9
2183 1297 2337 1405 qui
2392 1293 2634 1404 plura
2686 1294 3296 1405 complectitur
3327 1321 3353 1375 ε
3418 1291 3676 1377 modo
3741 1315 4036 1380 tamen
4099 1321 4255 1406 par

1452 1420 1569 1502 sit
1631 1421 2090 1536 ingenium
2127 1476 2159 1521 ,
2209 1416 2441 1530 quod
2509 1423 2606 1501 in
2670 1423 2921 1504 omni
2972 1445 3068 1503 re
3115 1420 3680 1530 praecipuum
3714 1439 3890 1507 est:
3959 1419 4258 1506 &sine

1457 1569 1639 1654 quo
1695 1545 2024 1657 reliqua
2088 1541 2194 1628 ad
2260 1550 2941 1630 ostentationem
3032 1540 3384 1657 quidem
3467 1572 3653 1627 non
3711 1572 4022 1653 parum
4087 1544 4259 1628 for-

1454 1686 1677 1754 tasse
1711 1726 1741 1774 ‚
1793 1670 1884 1757 81
1938 1669 2445 1756 eruditionis
2509 1668 2854 1756 laudem
2896 1666 3619 1781 comparandam:
3675 1667 3783 1754 ad
3827 1697 4079 1756 verae
4111 1698 4256 1754 au-

1452 1812 1640 1879 tem
1700 1798 2091 1881 utilitatis
2151 1795 2542 1882 fructum
2577 1854 2608 1901 ,
2683 1824 2860 1908 quo
2913 1801 3330 1884 auctiores
3409 1795 3626 1881 fiant
3682 1823 3817 1881 res
3877 1795 4259 1881 Theolo-

1454 1923 1695 2037 gicae
1731 1980 1760 2027 ‚
1824 1923 2039 2007 nihil
2100 1928 2473 2009 omnino
2528 1921 3062 2036 proderunt.
3117 1922 3311 2006 Hoc
3366 1942 3706 2008 certum
3754 1939 3940 2026 est,
3996 1923 4260 2034 siqui

1452 2050 1650 2131 sine
1709 2049 2180 2135 Hebraicae
2240 2052 2587 2165 linguae
2638 2042 2694 2156 (
2756 2054 3142 2162 itemque
3174 2042 3830 2166 Graecanicae)
3887 2050 4190 2160 peritia
4222 2105 4256 2156 ,

1450 2193 1992 2286 praestantes
2052 2173 2295 2260 filere
2347 2176 2433 2258 T
2430 2175 2760 2289 heologi
2824 2200 2967 2257 eos
3030 2193 3282 2260 tanto
3335 2181 3885 2286 praestituros
3937 2171 4199 2259 fuisse
4225 2232 4256 2279 ‚

1450 2302 1530 2383 si
1593 2303 1850 2411 periti
1909 2301 2344 2402 fisissent3
2390 2304 2585 2384 sine
2655 2305 3167 2414 exceptione
3252 2319 3447 2384 tum
3516 2297 3922 2383 laudandi
3979 2356 4010 2402 ‚
4101 2304 4258 2410 qui

1456 2451 1709 2511 nunc
1774 2426 1914 2512 vel
1969 2456 2021 2512 a
2076 2430 2361 2540 pueris
2425 2429 2537 2509 ob
2593 2428 2856 2511 istum
2920 2425 3361 2512 defectum
3413 2426 3682 2511 multa
3732 2426 3891 2508 sibi
3921 2422 4259 2509 condo-

1452 2555 1652 2635 nari
1713 2554 2156 2665 postulant
2192 2612 2258 2659 ‚9
2323 2612 2347 2636 .
2416 2555 2707 2664 Aequi
2760 2582 3006 2639 nunc
3040 2556 3422 2664 bonique
3479 2552 3939 2637 consulant
3987 2556 4262 2637 nostri

1450 2678 1551 2760 in
1609 2676 1928 2795 linguis
1986 2684 2336 2764 exoticis
2391 2698 2748 2790 tyrones
2784 2739 2814 2783 ,
2874 2699 2975 2764 ut
3006 2677 3340 2764 Veteris
3371 2679 3908 2763 Testamenti
3934 2676 4262 2764 Textus

1448 2829 1508 2887 a
1569 2808 1826 2889 sacris
1882 2803 2113 2893 Novi
2178 2804 2578 2890 Foederis
2664 2808 3237 2919 scriptoribus
3323 2802 3698 2921 laudatos
3735 2861 3765 2908 9
3829 2821 4089 2916 prout
4149 2801 4258 2889 ad

1446 2930 1784 3016 calcem
1838 2930 2250 3049 Vulgatae
2313 2936 2872 3044 reperiantur
2921 2990 2955 3038 ‚
3016 2932 3284 3015 oculis
3315 2931 3864 3040 subjiciamus
3904 2987 3927 3010 .
3992 2926 4258 3041 Apud

1448 3053 1727 3143 Biblia
1772 3058 2192 3146 Hebraica
2248 3059 2555 3142 Xantis
2611 3058 2986 3175 Pagnini
3018 3114 3049 3160 ‚
3111 3073 3475 3143 curante
3537 3051 4013 3140 Benedicto
4044 3053 4256 3142 Aria

1443 3178 1896 3270 Montano
1944 3185 2436 3298 Hispalensi
2501 3210 2800 3271 recusa
2863 3243 2893 3288 ‚
2980 3187 3383 3296 notisque
3438 3207 3815 3294 respersa
3879 3236 3911 3281 ‚
3974 3182 4045 3261 si
4111 3187 4259 3267 cui

1448 3306 1734 3398 lubeat
1772 3370 1803 3416 ‚
1836 3317 2155 3426 poterit
2186 3309 2682 3397 Hebraeum
2711 3311 3091 3396 Textum
3121 3336 3738 3427 recognoscere
3773 3342 3801 3412 3
3837 3301 4255 3396 Graecam

1450 3461 1666 3522 vero
1719 3442 2214 3525 versionem
2248 3499 2280 3544 ,
2335 3440 2560 3521 sicut
2582 3440 2678 3520 in
2714 3439 3235 3552 paragrapho
3265 3441 3550 3549 primo
3581 3433 4190 3520 admonuimus
4221 3491 4257 3541 ‚

1446 3558 1549 3645 P.
1578 3565 2075 3651 Hermanni
2107 3562 2677 3679 Goldhagenii
2723 3580 2792 3644 Η
2843 3574 3131 3645 KAINH
3186 3577 3601 3646 ΔΙΑΘΗΚΗ
3625 3554 4250 3675 suppeditavit.

1447 3686 1541 3773 Si
1603 3691 1926 3777 Textus
1978 3694 2217 3777 inter
2275 3718 2368 3777 se
2414 3688 2818 3794 conferre
2873 3690 3313 3777 voluerint
3368 3745 3401 3793 ‚
3459 3688 3828 3774 alterum
3874 3684 4259 3795 quando·

1443 3840 1621 3925 que
1705 3846 1911 3929 prae
1999 3819 2267 3903 altero
2330 3813 2816 3901 redundare
2880 3812 3603 3928 deprehendent:
3673 3840 3845 3900 nec
3926 3813 4252 3923 absque

1444 3935 1740 4026 fi'uctu
1769 3999 1803 4047 ‚
1853 3941 2113 4030 modo
2172 3945 2687 4028 variationes
2719 3938 3223 4053 expendant
3271 3938 3724 4058 diligenter
3760 3997 3782 4022 .
3849 3936 4254 4024 Latinam

1445 4070 1947 4153 versionem
1980 4124 2013 4172 ‚
2064 4094 2244 4182 quo
2299 4093 2507 4183 prae
2547 4067 2818 4153 oculis
2874 4064 3243 4154 habeant
3275 4123 3307 4174 ,
3341 4095 3392 4158 e
3422 4064 3784 4187 Vulgata
3807 4058 3916 4151 ad
3953 4066 4253 4151 unius·

1444 4197 1864 4308 cujusque
1925 4198 2292 4316 paginae
2343 4196 2678 4289 calcem
2707 4193 3198 4285 exhibemus
3223 4251 3247 4278 .
