4913 6618
3305 524 3356 611 3
3381 524 3420 579 1

608 670 796 731 ram
872 643 1168 755 inquit
1218 636 1268 753 )
1326 630 1520 722 libri
1571 634 1729 747 qui
1823 635 1917 716 in
2012 628 2388 713 sectmdo
2459 622 2811 713 Conone
2867 642 3079 710 sunt
3136 677 3171 728 ‚
3230 625 3431 708 licet

610 769 1048 881 conjuncti
1105 793 1300 853 cum
1370 761 1726 848 caeteris
1771 755 2050 874 primi
2128 753 2508 840 Cononis
2542 808 2577 859 ‚
2637 771 2930 838 tumen
2985 779 3165 836 non
3218 765 3428 837 sunt

605 895 985 1008 ejusdem
1037 891 1386 980 authori
1387 889 1557 972 tati
1557 914 1600 969 s
1625 943 1649 969 .
1964 1012 1967 1015 Ι

1829 1145 1908 1250 §.
2031 1135 2119 1224 V
2132 1139 2196 1222 1.

894 1399 1032 1482 De
1092 1391 1548 1481 Chaldaeis
1601 1389 2218 1504 Paraphrastis
2275 1446 2308 1493 ,
2371 1383 2480 1478 <3⁶
2551 1382 3143 1472 Pentateucho

1707 1515 2264 1600 Samaritano
2295 1569 2323 1598 .

615 1660 1174 1880 Postquam
1227 1766 1790 1880 primigenius
1871 1766 2313 1853 Hebraeus
2398 1764 2724 1850 Textus
2779 1752 3169 1846 Esdrinis
3231 1756 3428 1845 cha·

616 1896 1079 1982 racteribus
1151 1950 1181 1995 ‚
1276 1910 1376 1973 ut
1463 1887 1831 1975 diximus
1928 1893 2089 1976 sub
2153 1898 2234 2005 ᾗ.
2296 1891 2437 1975 ΙΠ.
2481 1949 2510 1994 ,
2572 1888 2852 1973 ῶετειῐ
2940 1902 3329 1971 exaratus
3392 1939 3425 1990 ‚

612 2000 1113 2106 Chaldaicae
1177 2015 1718 2128 paraphrases
1755 2076 1785 2120 ‚
1850 2044 2072 2127 quae
2134 2044 2456 2134 magno
2509 2012 2617 2099 ad
2668 2015 2857 2122 ‘ejus
2921 2015 3432 2127 intelligen-

608 2150 823 2232 tiam
879 2169 1062 2229 esse
1122 2159 1525 2254 poterant
1577 2138 2092 2250 adjumento
2124 2201 2155 2248 ,
2216 2142 2578 2226 fuerunt
2610 2135 3114 2224 adornatae.
3181 2136 3431 2222 Ante

610 2297 822 2360 vero
857 2326 888 2372 ‚
950 2295 1213 2380 quam
1279 2263 1387 2351 de
1449 2267 1608 2349 illis
1668 2271 1863 2349 satis
1931 2296 2095 2380 pro
2144 2297 2243 2354 re
2307 2284 2602 2351 nostra
2659 2290 3007 2380 agamus
3063 2322 3096 2366 ‚
3155 2288 3435 2376 pauca

613 2397 857 2481 lubet
907 2390 1013 2478 de
1069 2394 1363 2508 lingua
1425 2388 1874 2477 Chaldaica
1955 2420 2162 2479 cum
2223 2392 2719 2479 doctissimo
2769 2390 3115 2504 Angelo
3169 2387 3434 2472 Cani·

615 2524 775 2606 nio
826 2518 1272 2629 observare
1298 2576 1321 2600 .
1387 2516 1711 2603 Isthaec
1768 2514 2214 2603 interdum
2280 2519 2811 2631 Babylonica
2852 2575 2882 2620 ‚
2942 2513 3030 2601 ἃ
3084 2513 3433 2630 Syriaca

614 2641 1063 2731 interdum
1102 2644 1606 2727 nominatur
1641 2698 1665 2724 .
1728 2643 1899 2727 Eae
1931 2700 1964 2748 ,
2025 2648 2321 2755 inquit
2346 2644 2775 2729 Caninius
2799 2640 3377 2762 Anglarensis
3400 2694 3433 2744 ,

612 2784 1044 2859 vetustate
1094 2784 1443 2851 tantum
1481 2763 1893 2852 differunt
1925 2827 1949 2852 .
2012 2770 2545 2885 Babylonica
2602 2773 2846 2853 enim
2882 2824 2915 2873 ,
2976 2792 3199 2880 quae
3223 2761 3438 2851 Ara·

611 2923 854 2982 maea
888 2954 918 2999 ,
977 2894 1124 2980 vel
1179 2892 1862 3004 Mesopotamica
1928 2952 1960 2997 ,
2021 2913 2171 2979 aut
2224 2900 2488 2979 etiam
2551 2892 2976 2978 Assiriaca
3033 2890 3435 2977 nomina-

612 3041 759 3107 tur
830 3079 860 3125 ,
921 3021 1523 3128 antiquissima
1606 3038 1737 3103 est
1799 3077 1823 3100 .
1890 3017 2011 3101 Ea
2094 3020 2435 3107 locutus
2492 3038 2621 3104 est
2673 3019 2968 3101 Laban
3017 3049 3042 3100 ε
3115 3015 3162 3130 (
3225 3042 3433 3101 nam

615 3146 1052 3233 Abraham
1121 3146 1216 3227 in
1279 3138 1699 3228 Chaldaea
1786 3142 2198 3230 habitasse
2256 3205 2290 3252 ‚
2353 3142 2503 3230 sed
2563 3147 2982 3231 Hebraice
3042 3144 3439 3227 locutum

613 3298 798 3359 esse
852 3270 1407 3360 vetustissimi
1461 3268 2053 3355 Hebraeorum
2101 3267 2492 3359 doctores
2567 3287 3027 3359 autumant
3071 3266 3119 3382 )
3170 3295 3438 3383 quam

613 3398 930 3484 Daniel
993 3422 1198 3482 cum
1252 3396 1501 3479 sociis
1556 3399 1728 3478 suis
1797 3394 2098 3482 didicit
2129 3456 2160 3503 ,
2222 3416 2484 3511 atque
2549 3403 2648 3483 in
2706 3398 3162 3486 Vaticiniis
3195 3423 3441 3481 usur-

614 3527 859 3638 pavit
893 3580 917 3605 .
981 3519 1281 3605 Esdras
1314 3545 1664 3631 quoque
1686 3578 1717 3626 ,
1753 3519 2186 3606 Onchelos
2223 3583 2252 3626 ‚
2282 3522 2372 3608 ἃ
2407 3524 2569 3637 Jon
2583 3527 2835 3610 athan
2874 3552 2973 3609 ea
3005 3526 3138 3606 usi
3171 3540 3381 3608 sunt
3405 3579 3438 3628 ,

612 3644 766 3732 sed
820 3674 1005 3731 non
1074 3643 1285 3729 adeo
1351 3645 1790 3762 eleganter
1842 3642 2018 3744 duo
2083 3650 2590 3760 posteriores
2653 3705 2676 3730 .
2743 3651 3209 3735 Caeterum
3270 3647 3439 3762 Sy-

483 3821 495 3840 ·
612 3777 841 3858 riaca
876 3831 908 3876 ‚
971 3801 1158 3856 non
1223 3769 1504 3856 multo
1566 3789 1776 3855 ante
1842 3769 2162 3854 Christi
2228 3790 2596 3858 aetatem
2625 3831 2655 3877 ,
2718 3769 3025 3859 florere
3092 3775 3383 3885 coepit
3410 3828 3434 3854 .

613 3901 714 3984 In
790 3925 1052 4011 quam
1102 3895 1417 4007 A‘quila
1482 3897 1959 4011 proselytus
1987 3953 2017 4001 ‚
2066 3896 2381 4013 Joseph
2449 3924 2756 3983 coecus
2791 3958 2821 4003 ‚
2883 3899 3200 4011 aliique
3264 3900 3442 3982 Ha·-

615 4023 1283 4145 giographorum
1347 4022 1933 4134 paraphrastae
1994 4023 2247 4108 libros
2333 4023 2661 4136 aliquot
2750 4027 3070 4112 veteris
3131 4024 3442 4108 Testa·-

616 4152 905 4238 menti
959 4141 1648 4238 converterunt:
1714 4151 1909 4262 Qua
1963 4145 2324 4235 demum
2368 4148 2760 4234 Christus
2798 4208 2828 4253 ,
2891 4149 2979 4236 ἅ
3044 4148 3440 4263 Apostoli

616 4277 1172 4362 laetissimum
1225 4274 1667 4391 Evangelii
1728 4276 2160 4359 nuncium
2198 4333 2229 4379 ‚
2294 4300 2617 4387 nempe
2675 4278 2958 4394 &233503
3024 4275 3238 4358 Orbi
3292 4295 3444 4360 tu-

617 4432 917 4516 lerunt
948 4494 971 4516 .
1038 4427 1297 4513 Haud
1353 4457 1773 4546 magnum
1818 4446 2120 4516 tamen
2191 4432 2424 4515 inter
2479 4430 2705 4530 hanc
2744 4489 2773 4536 ,
2837 4432 3243 4543 illamque
3303 4428 3442 4513 di-

619 4560 995 4641 scrimen
1062 4552 1696 4641 animadvertas
1759 4614 1792 4661 ,
1877 4559 2046 4640 nisi
2095 4551 2326 4669 quod
2383 4557 2521 4640 illa
2578 4560 2873 4671 purior
2939 4616 2968 4661 ‚
3029 4557 3233 4643 haec
3296 4584 3441 4642 co-

618 4686 935 4796 piosior
963 4740 993 4785 ,
1054 4685 1337 4766 ascitis
1388 4684 1714 4767 scilicet
1745 4683 2037 4766 multis
2066 4709 2116 4766 e
2148 4679 2480 4770 Graeca
2510 4684 2939 4772 vocabulis
2979 4741 3003 4766 .
3070 4682 3166 4768 Id
3198 4680 3436 4796 quod

554 4829 561 4836 ·
619 4835 728 4891 ex
777 4807 1365 4892 Hebraeorum
1402 4810 2055 4921 antiquitatibus
2106 4867 2136 4913 ,
2197 4810 2483 4927 colligi
2548 4809 2795 4896 facile
2849 4828 3129 4923 potest
3168 4867 3192 4892 .
3259 4810 3440 4894 Ha·

619 4950 936 5019 etenus
997 4933 1428 5018 Caninius
1480 4939 1575 5018 in
1631 4934 1991 5046 praefat.-
2046 4931 2153 5018 ad
2206 4936 2809 5020 Institutiones
2858 4936 3205 5053 linguae
3263 4934 3440 5052 Sy-

620 5062 900 5147 riacae
935 5114 970 5168 2
1030 5055 1498 5150 Assiriacae
1521 5117 1556 5171 ‚
1616 5077 1878 5174 atque
1928 5058 2539 5150 Thalmudicae
2561 5120 2586 5148 .
2652 5061 3011 5176 Propius
3069 5089 3276 5149 vero
3333 5059 3441 5144 ad

3253 5209 3446 5271 rem
