4913 6618
1500 567 1536 626 ι
1624 565 1680 619 o
4268 573 4291 580 ‘

1492 567 1938 771 δπΊις-αμίνκς·
1984 657 2099 745 τὶν
2155 653 2571 744 A‘zemaewa
2620 662 2984 771 γλῶσσαν
3040 719 3065 746 .
3160 658 3260 746 Si
3320 639 3617 779 igitur·
3657 658 3799 746 Vel
3861 645 3970 746 al)
4053 675 4334 758 aetate

1493 788 1947 900 Cambysis
1974 843 2006 890 ,
2067 789 2217 896 qui
2277 783 2983 870 Psemmenitum
3046 786 3434 905 Aegypti
3484 786 3827 903 Regem
3890 789 4233 911 subegit
4288 837 4324 900 9

1487 915 1875 1027 linguam
1908 907 2506 1023 Aethiopicam
2563 912 2974 996 callentes
3022 915 3141 997 ibi
3197 940 3385 996 non
3431 908 3795 997 deerant
3825 967 3859 1017 ,
3918 916 4110 1003 iure
4165 921 4342 1003 col·

1489 1039 1781 1155 ligitur
1814 1036 2185 1149 aliquam
2223 1041 2461 1121 inter
2521 1058 2933 1146 utrosque
2961 1036 3222 1123 fuisse
3251 1039 3974 1126 communionem
4007 1095 4033 1123 .
4064 1038 4335 1159 Quid-

1491 1167 1598 1251 ni
1663 1165 1924 1282 igitur
1985 1159 2542 1250 admittamus
2596 1162 2849 1254 civile
2919 1166 3553 1251 commercium
3621 1165 3858 1250 inter
3902 1181 4328 1282 utrosque

1495 1291 2092 1377 conterminos
2139 1287 2504 1401 populos
2563 1287 2922 1377 saeculis
2974 1289 3697 1403 subsequentibus
3761 1289 4037 1400 majus
4071 1350 4105 1399 ‚
4152 1294 4326 1382 ste·

1495 1417 2082 1524 quentiusque
2136 1413 2395 1496 fuisse
2421 1467 2452 1514 ‚
2512 1434 2776 1531 atque
2822 1410 3031 1501 hinc
3103 1444 3155 1500 a
3206 1415 3722 1504 Christianis
3775 1412 4236 1533 Aegyptiis
4288 1474 4327 1525 ‚

1488 1540 1955 1650 Aethiopes
2014 1538 2315 1650 priscis
2362 1538 2797 1633 Ecclesiae
2866 1543 3403 1656 temporibus
3429 1600 3463 1649 ‚
3518 1536 3779 1627 fuisse
3808 1541 4332 1654 baptizatos?

1492 1663 1713 1752 Inde
1778 1663 2176 1780 colligere
2232 1691 2586 1778 quoque
2650 1662 2848 1753 evil
2888 1665 3461 1785 Evangelium
3528 1692 3686 1782 per
3744 1665 3886 1752 illa
3941 1684 4333 1782 tempora

1496 1789 2061 1901 Aethiopibus
2118 1791 2605 1880 innotuisse
2635 1850 2669 1900 ,
2734 1811 2838 1872 ac
2889 1775 3192 1910 lingua
3254 1798 3524 1880 etiam
3580 1795 3704 1878 eis
3753 1795 4065 1879 usitata
4141 1794 4321 1879 for·

1495 1934 1717 2001 tasse
1772 1919 2420 2025 conscfiptum.
2489 1917 2648 2005 Sin
2685 1938 2901 2008 vero
2951 1912 3061 2003 de
3117 1917 3466 2033 reliquis
3498 1915 3729 2007 Novi
3763 1975 3795 2023 ,
3858 1916 4319 2007 &Veteris

1495 2043 2038 2132 Testamenti
2100 2040 2332 2124 libris
2379 2067 2664 2130 sermo
2712 2040 2882 2144 sit,
2947 2047 3309 2131 nonnisi
3366 2042 3703 2153 expleto
3736 2047 4075 2130 saeculo
4104 2046 4245 2143 m.
4284 2097 4323 2149 ,

1493 2187 1951 2282 postquam
2010 2167 2429 2252 nimitum
2482 2167 3040 2255 Frumentius
3089 2199 3141 2255 a
3171 2166 3259 2253 S.
3291 2166 3782 2255 Athanasio
3802 2166 4328 2280 Aethiopiae
4423 2205 4441 2222 ·

1493 2296 1966 2408 Episcopus
2022 2289 2302 2376 fuerat
2351 2289 2799 2382 ordinatus
2828 2348 2860 2396 ,
2920 2311 3071 2378 aut
3126 2298 3391 2380 etiam
3460 2317 3752 2404 quum
3836 2307 4033 2403 post
4109 2291 4325 2376 Fru-

1492 2423 1933 2510 mentium
1968 2476 1998 2523 ‚
2064 2443 2391 2504 novem
2441 2425 2897 2509 sanctitate
2949 2419 3327 2506 celebres
3402 2422 3575 2506 viri
3634 2413 4149 2530 Aethiopiae
4188 2442 4324 2506 re·-

1494 2549 1802 2660 giones
1849 2541 1954 2628 ad
2009 2541 2331 2628 Christi
2396 2543 2658 2632 fidem
2745 2538 3178 2632 adduxere
3239 2602 3273 2651 ‚
3358 2571 3647 2632 versos
3710 2542 4222 2627 arbitramur
4286 2573 4316 2627 ε

1495 2673 1762 2759 Tunc
1810 2670 2054 2755 enim
2099 2670 2447 2755 solenni
2495 2679 2672 2757 ritu
2724 2667 3048 2758 Christi
3100 2667 3307 2756 fides
3352 2672 3572 2755 inibi
3626 2669 3796 2756 fuit
3847 2663 4320 2755 consolida-

1495 2815 1651 2902 ta3
1714 2816 1974 2909 atque
2038 2790 2253 2880 adeo
2298 2794 2781 2910 Scripturas
2835 2794 3076 2905 juxta
3127 2795 3559 2907 exemplar
3614 2789 4316 2880 Alexandrinum

1497 2922 1846 3042 linguae
1888 2917 2447 3032 Aethiopicae
2503 2922 2765 3009 finisse
2820 2916 3189 3006 redditas
3246 2978 3280 3027 ‚
3338 2918 4083 3007 verosimillimum
4170 2943 4318 3031 ap·

1498 3067 1743 3166 paret
1801 3106 1826 3132 .
1910 3042 2112 3130 Mos
2164 3042 2599 3159 siquidem
2688 3045 2862 3133 fuit
2954 3044 3482 3158 populorum
3511 3102 3542 3151 ‚
3607 3070 3709 3131 ac
3763 3040 4246 3128 Nationum
4276 3095 4314 3149 ,

1497 3194 1722 3264 tunc
1800 3195 2072 3259 sacras
2148 3172 2473 3257 litteras
2564 3174 2917 3286 proprio
2979 3166 3368 3258 idiomati
3428 3173 3952 3287 consignare
4008 3224 4042 3274 ,
4101 3192 4311 3255 cum

1500 3300 2144 3392 sanctissimam
2188 3294 2513 3385 Christi
2568 3296 2831 3384 fidem
2898 3352 2933 3403 ,
3026 3297 3187 3382 sub
3274 3294 3677 3412 legitimis
3759 3292 4245 3381 Pastoribus
4275 3347 4312 3403 ,

1499 3429 1845 3547 publice
1889 3424 2503 3536 profiterentur
2539 3482 2563 3506 .
2631 3424 2816 3510 Etsi
2875 3446 3089 3510 vero
3139 3423 3558 3533 temporis
3623 3479 3652 3520 ,
3707 3445 3894 3534 quo
3940 3415 4248 3507 Versio
4274 3470 4312 3527 ,

1500 3555 1613 3645 de
1676 3582 1844 3669 qua
1907 3554 2235 3667 agimus
2258 3609 2290 3657 ,
2351 3554 2448 3635 in
2499 3548 2787 3637 lucem
2839 3545 3163 3660 prodiit
3205 3545 3480 3633 clarae
3509 3543 4108 3633 desiderentur
4135 3570 4311 3631 no-

1500 3709 1643 3780 tae
1677 3742 1709 3790 ‚
1766 3696 2110 3767 certum
2160 3695 2459 3763 tamen
2530 3693 2660 3785 est
2721 3677 3020 3792 lingua
3056 3668 3425 3759 Arabica
3455 3675 3840 3787 primum
3875 3695 4065 3756 non
4097 3667 4310 3757 fiais-

1502 3839 1598 3903 se
1652 3807 2231 3916 conscriptam
2269 3862 2299 3907 ‚
2360 3805 2690 3915 quippe
2752 3795 2988 3913 quod
3047 3815 3257 3882 ante
3344 3815 3768 3883 exaratam
3858 3810 4208 3883 constet
4271 3849 4309 3903 ,

1501 3963 1770 4055 quam
1802 3930 2185 4016 Arabum
2214 3929 2510 4044 lIngua
2539 3954 2706 4011 usu
2736 3921 2964 4038 apud
2985 3920 3453 4038 Aethiopes
3485 3929 3825 4012 veniret
3858 3979 3884 4007 .
3938 3918 4310 4009 Aethio-

1503 4064 1796 4183 picam
1852 4057 2341 4144 versionem
2366 4108 2400 4155 ‚
2462 4077 2652 4138 non
2707 4053 3002 4137 minus
3057 4074 3158 4138 ac
3194 4047 3628 4135 Persicam
3660 4105 3694 4155 ‚
3756 4072 3980 4162 quae
4032 4047 4312 4132 obiter

1503 4188 1810 4277 saltem
1862 4205 2216 4293 operam
2267 4177 2456 4264 heic
2509 4179 2894 4291 exposcit
2952 4192 3340 4261 nostram
3374 4230 3407 4280 ,
3464 4169 3760 4263 videre
3811 4188 3945 4259 est
3998 4174 4096 4256 in
4159 4170 4306 4257 Bi·

1505 4318 1699 4402 bliis
1747 4305 2237 4423 polyglottis
2316 4304 2827 4417 percelebris
2886 4301 3182 4388 Briani
3238 4298 3645 4387 Waltoni
3710 4356 3737 4382 .
3835 4298 3919 4384 Is
3997 4314 4309 4384 tamen

1513 4439 1992 4554 Prolegom·
2057 4425 2638 4516 sextodecimo
2693 4424 2953 4515 tradit
2979 4482 3014 4533 ,
3073 4454 3180 4514 ex
3230 4425 3594 4512 historiis
3645 4450 3837 4511 non
3898 4423 4313 4535 liquesce·-

1507 4596 1608 4653 re
1665 4564 1773 4648 de
1818 4560 2268 4645 Persarum
2331 4554 2680 4670 Imperii
2754 4550 2864 4638 ad
2951 4551 3274 4638 Christi
3335 4548 3600 4636 fidem
3661 4551 4238 4638 conversione
4273 4602 4302 4630 .

1510 4689 1804 4778 Nihilo
1859 4710 2072 4772 vero
2125 4685 2419 4768 minus
2481 4707 2588 4766 ex
2665 4678 3011 4767 historia
3065 4676 3647 4765 Ecclesiastica
3715 4673 4311 4760 firmissimum

1511 4834 1645 4903 est
1691 4812 2001 4899 multas
2045 4803 2272 4921 apud
2349 4804 2642 4893 Persas
2698 4802 2960 4889 fuisse
3022 4798 3720 4891 christifidelium
3799 4801 4213 4887 Ecclesias
4266 4851 4304 4903 ,

1508 4943 2146 5059 Episcoposque
2202 4932 2621 5050 plurimos
2680 4926 3004 5019 ibidem
3056 4931 3475 5044 martyrio
3535 4941 3992 5017 coronatos
4050 4982 4075 5009 .
4137 4922 4308 5007 Li-

2640 5108 2647 5111 -
4087 5057 4311 5166 quet
