4913 6618
1571 567 1695 756 ἐξ
1725 681 2017 780 postea
2068 663 2334 750 hacce
2381 654 2492 751 de
2541 690 2639 750 re
2713 720 2746 769 ,
2820 664 2941 751 sic
2995 658 3188 750 Deo
3250 666 3585 779 optimo
3645 662 4038 757 Maximo
4091 664 4386 784 dispo·

1576 812 1854 882 nente
1922 851 1952 897 ,
2008 818 2062 877 a
2117 790 2736 876 Salmanassare
2800 793 2899 874 in
2956 785 3372 877 Assiriam
3435 796 3821 910 captivos
3892 793 4152 883 fixisse
4217 795 4376 883 de-

1570 938 1952 1036 portatos
2017 974 2048 1023 ,
2105 920 2228 1003 ita
2283 935 2383 1002 ut
2445 915 2937 1004 Gentilium
2998 912 3527 1003 Assiriorum
3613 920 4005 1009 coloniae
4061 925 4157 1009 in
4227 922 4373 1010 Sa·

1570 1056 1932 1134 mariam
1995 1046 2558 1129 mitterentur
2589 1100 2614 1126 .
2685 1042 2912 1128 Sunt
2960 1044 3113 1153 qui
3170 1048 3287 1128 ita
3353 1070 3543 1129 rem
3589 1067 4145 1160 componunt
4180 1105 4209 1151 ,
4270 1054 4373 1141 u't

1566 1204 1719 1260 sua
1877 1169 2362 1256 obabilitate
2412 1199 2597 1256 non
2631 1195 2922 1255 carere
2954 1166 3396 1255 affirment
3432 1230 3462 1277 ‚
3528 1170 4081 1260 Sacerdotem
4113 1205 4160 1263 a
4183 1172 4368 1260 Sal-

1562 1325 2049 1386 manassare
2113 1300 2473 1381 missum
2525 1295 2633 1382 ad
2685 1325 2951 1383 novas
3011 1294 3431 1382 Samariae
3489 1299 3866 1385 colonias
3925 1298 4033 1385 de
4095 1302 4369 1418 legiti-

1563 1455 1713 1511 mo
1771 1425 1931 1509 Dei
1994 1423 2249 1507 Israel
2296 1423 2542 1508 cultu
2606 1419 3116 1508 imbuendas
3152 1480 3181 1526 ,
3247 1451 3510 1510 suum
3566 1451 3863 1513 secum
3889 1428 4181 1513 tulisse
4207 1454 4364 1512 an-

1558 1557 1904 1669 tiquum
1960 1548 2527 1635 pentateuchi
2586 1547 3007 1635 Codicem
3042 1607 3071 1649 ‚
3136 1550 3380 1659 cujus
3448 1554 3922 1667 apographa
3954 1550 4178 1666 apud
4217 1551 4364 1636 Sa-

1557 1684 2022 1764 maritanos
2109 1678 2849 1788 perseveraverint
2913 1734 2938 1757 .
3002 1675 3264 1760 Hisce
3345 1679 3798 1765 subscribit
3883 1676 4363 1769 Cardinalis

1552 1802 1802 1892 Gotti
1867 1809 1962 1891 in
2022 1829 2339 1913 opere:
2414 1804 2760 1892 Veritas·
2823 1802 3303 1919 Religionis
3347 1801 3525 1892 &c-
3593 1805 3849 1890 Tom.
3886 1806 3991 1891 II.
4063 1833 4355 1920 Cap-3·

1552 1958 1804 2017 num.
1834 1944 2021 2035 Iv.;
2087 1925 2253 2014 Sed
2322 1926 2600 2017 nodus
2666 1930 2826 2011 iste
2879 1928 3300 2012 insolutus
3335 1925 3608 2014 adhuc
3647 1934 3895 2016 nobis
3955 1929 4352 2020 videtur=

1548 2062 1759 2142 cum
1814 2066 2060 2144 enim
2124 2056 2313 2140 Deo
2376 2055 2707 2140 rebellis
2766 2053 3216 2170 Jeroboam
3250 2052 3724 2141 sacerdotes
3771 2060 4359 2143 constituisset

1548 2212 1738 2270 non
1798 2182 1908 2269 de
1961 2182 2235 2268 Tribu
2290 2184 2511 2270 Levi
2575 2241 2605 2288 ‚
2669 2206 2987 2291 eosque
3047 2208 3152 2263 ex
3214 2180 3516 2264 infima
3574 2183 3825 2294 plebe
3879 2238 3910 2286 ,
3972 2210 4357 2297 cumque

1539 2334 1749 2400 ante
1813 2314 2254 2397 subactam
2306 2313 2578 2394 trium
2633 2303 3081 2392 obsidione
3141 2335 3577 2392 annorum
3646 2308 4116 2393 Samariam
4150 2367 4180 2412 ‚
4213 2338 4354 2397 ve·

1537 2464 1633 2522 ra
1693 2439 2033 2554 Religio
2079 2437 2199 2517 ibi
2247 2441 2595 2547 penitus
2627 2429 3073 2519 excidisset
3108 2493 3138 2538 ‚
3200 2439 3641 2518 incertum
3672 2453 4023 2549 apparet
4051 2493 4082 2539 ,
4117 2433 4351 2546 quod

1534 2562 1924 2649 sacerdos
1969 2590 2022 2646 a
2088 2560 2707 2647 Salmanassare
2767 2558 3232 2645 Samariam
3295 2562 3698 2645 remissus
3781 2560 4350 2649 pentateuchi

1535 2688 1957 2776 CodIcem
2015 2684 2486 2803 possideret
2522 2747 2545 2770 .
2613 2685 3098 2770 Restitutus
3150 2688 3452 2798 utique
3519 2686 3692 2771 fuit
3760 2685 4187 2773 Samariae
4242 2715 4356 2778 ex

1533 2837 1784 2926 parte
1844 2816 2010 2900 Dei
2070 2813 2352 2898 cultus
2387 2873 2416 2915 ‚
2482 2812 2696 2898 dum
2750 2814 2945 2896 urbi
3006 2833 3383 2924 praesset
3442 2812 3917 2907 ,Sanaballat
3983 2873 4013 2920 ‚
4076 2818 4232 2927 qui
4293 2843 4346 2902 a

1522 2940 1787 3027 Dario
1841 2946 2226 3055 primum
2255 2999 2284 3041 ‚
2348 2936 2666 3043 deinde
2723 2941 2827 3022 ab
2865 2937 3360 3023 Alexandro
3437 2967 3768 3057 magno
3837 2939 4342 3031 facultatem

1523 3065 2129 3156 reaedificandi
2182 3068 2532 3181 Templi
2598 3070 3097 3177 impetrarat
3138 3122 3169 3167 ‚
3229 3068 3606 3179 illucque
3649 3094 3909 3180 opera
3973 3065 4340 3153 Manas-

1522 3197 1634 3277 sis
1671 3256 1701 3301 ‚
1765 3198 1919 3309 qui
1965 3193 2073 3279 ad
2130 3219 2332 3277 eum
2391 3221 2571 3278 una
2622 3219 2833 3277 cum
2884 3190 3217 3276 asseclis
3283 3190 3767 3299 defecerat,
3820 3191 4340 3313 Judaeorum

1519 3325 2036 3408 cerimonias
2102 3324 2494 3408 avocavit
2528 3379 2558 3426 ‚
2619 3337 2839 3406 teste
2906 3318 3274 3436 Josepho
3320 3320 3464 3403 lib.
3495 3339 3592 3406 11.
3635 3318 3950 3434 Antiq.
3996 3341 4334 3430 c.V111.;

1517 3444 1854 3535 Verum
1912 3474 2204 3562 neque
2266 3448 2477 3535 hinc
2540 3448 2686 3531 lux
2744 3444 3092 3562 affialget
3118 3503 3148 3548 ‚
3212 3465 3312 3532 ut
3360 3443 3468 3532 de
3523 3445 3785 3533 modo
3865 3475 4042 3561 quo
4105 3447 4332 3537 Pen-

1516 3578 1967 3663 tateuchus
2012 3575 2593 3661 Samaritanus
2651 3569 3240 3689 perduraverit
3275 3631 3307 3678 ‚
3369 3572 3693 3687 aliquid
3751 3593 4243 3663 statuamus
4301 3637 4330 3663 .

1510 3700 1793 3824 Magis
1859 3701 2134 3789 adhuc
2199 3707 2644 3820 magisque
2710 3700 2973 3785 hacce
3071 3726 3330 3811 super
3411 3727 3505 3783 re
3592 3705 3690 3788 in
3771 3701 4329 3790 haesitatione

1507 3859 1959 3918 versamur
1993 3890 2023 3935 ,
2088 3834 2158 3912 si
2225 3827 3013 3916 animadvertamus
3047 3884 3078 3929 ‚
3142 3822 3377 3936 quod
3433 3829 3687 3913 multi
3743 3825 4160 3937 tradunt,
4190 3827 4330 3916 Sa..

1505 3962 1977 4040 maritanos
2020 3953 2440 4038 Antiochi
2504 3952 2975 4067 Epiphanis
3053 3958 3663 4065 persecutione
3720 3958 4060 4042 territos
4119 4013 4154 4062 ,
4215 3955 4329 4047 ad

1501 4080 2076 4166 Ethnicorum
2137 4083 2352 4164 ritus
2421 4077 2830 4165 defecisse
2855 4136 2885 4182 ,
2947 4075 3035 4165 ἃ
3070 4077 3545 4192 Templum
3607 4079 3991 4169 Garizim
4025 4141 4056 4189 ‚
4116 4111 4320 4196 pro·

1498 4225 1700 4320 pter
1764 4203 2001 4319 quod
2045 4205 2373 4317 jamdiu
2430 4210 2692 4294 invisi
2757 4223 3007 4291 erant
3050 4202 3389 4321 Judaeis
3419 4268 3448 4313 ‚
3509 4209 3913 4297 Hellenio
3939 4207 4321 4299 devovis-

1500 4361 1594 4420 se
1632 4393 1655 4416 .
1724 4333 2147 4421 Attamen
2214 4336 2752 4448 exploratum
2776 4353 2904 4416 est
2939 4334 3176 4435 illos,
3239 4333 3565 4446 aliquot
3611 4357 3818 4423 ante
3865 4338 4318 4422 Christum

1492 4466 1749 4549 annis
1792 4455 1845 4577 (
1894 4490 2429 4578 quamquam
2489 4466 2585 4546 in
2646 4461 2940 4546 multis
2990 4459 3469 4577 Religionis
3504 4489 3793 4548 caussa
3825 4466 3934 4550 ab
3973 4457 4314 4579 Judaeis

1489 4587 2002 4700 dissiderent
2062 4584 2111 4698 )
2169 4615 2478 4675 verum
2520 4590 2810 4672 Deum
2863 4591 3317 4704 agnovisse
3348 4646 3377 4692 ‚
3440 4589 3856 4676 Messiam
3883 4606 4315 4700 expectas-

1487 4744 1580 4802 se
1616 4775 1646 4819 ,
1704 4733 1809 4800 ut
1870 4732 2114 4828 patet
2166 4741 2272 4799 ex
2324 4717 2751 4829 colloquio
2824 4713 3026 4830 Jesu
3085 4713 3407 4800 Christi
3494 4744 3704 4802 cum
3779 4715 4310 4805 Samaritana

1484 4841 1714 4955 apud
1773 4860 2143 4956 puteum
2226 4844 2323 4926 in
2416 4841 2887 4962 Evangelio
2935 4839 3354 4958 Johannis
3431 4870 3619 4957 cap.
3659 4862 3782 4930 lv.
3845 4841 4024 4928 Etsi
4088 4869 4302 4931 vero

1483 4966 1966 5056 durationis
2019 4967 2591 5056 Pentateuehi
2647 4967 2879 5086 apud
2931 4967 3502 5054 samaritanos
3564 4973 4061 5088 ignoremus
4107 4996 4305 5056 mo-

1482 5093 1703 5183 dum*
1761 5126 1792 5202 3
1862 5095 2426 5187 nihilominus
2487 5096 2688 5186 finti
2751 5098 3250 5216 praesertim
3312 5098 3843 5214 Hieronymi
3912 5100 4292 5184 auctori·

4028 5240 4300 5308 tatem
