4913 6618
3301 583 3339 640 1
3363 585 3404 643 1

596 674 804 769 dem
862 701 1212 796 prorsus
1280 698 1467 763 non
1534 672 1797 762 fuisse
1829 730 1861 780 ,
1932 642 2051 762 ac*
2082 670 2508 790 'Assyrios
2557 684 2594 783 3
2660 679 2841 767 sive
2897 671 3361 765 Chaldaeos
3388 737 3417 765 .

596 807 873 893 Biblia
925 808 1240 919 quibus
1294 828 1547 889 nunc
1637 807 1974 889 utimur
2052 802 2546 888 charactere
2610 795 3041 917 descripta
3119 821 3330 892 sunt
3371 848 3419 911 ·,

596 950 703 1019 ut
743 934 1170 1044 iuquiunt
1231 931 1666 1041 quadrato
1733 928 1845 1016 ob
1931 928 2303 1015 formam
2366 952 2645 1042 prope
2709 926 2817 1012 ad
2905 928 3420 1042 quadratum

590 1055 1162 1143 accedentem
1194 1111 1227 1161 ,
1256 1055 1364 1139 ab
1402 1080 1684 1165 eoque
1728 1055 2368 1167 aliquantulum
2421 1051 2710 1140 differt
2763 1111 2797 1160 ,
2859 1083 3039 1166 quo
3095 1061 3228 1140 uti
3292 1082 3420 1141 so·

590 1181 782 1268 lent
822 1177 1123 1298 Judaei
1157 1236 1190 1286 ,
1253 1196 1449 1265 tum
1509 1183 1847 1266 ratione
1882 1184 2249 1267 minoris
2301 1179 2634 1266 formae
2705 1238 2739 1283 ‚
2803 1197 3003 1266 tum
3066 1176 3419 1267 defectu

582 1323 1129 1421 punctorum
1186 1307 1616 1392 vocalium
1654 1364 1686 1411 ,
1710 1335 1933 1420 quae
1985 1311 2085 1391 in
2131 1300 2572 1392 hodiernis
2633 1307 2927 1393 Bibliis
3023 1306 3419 1393 substant

586 1432 895 1518 litteris
947 1433 1631 1518 consonantibus
1702 1491 1727 1514 .
1807 1434 2001 1549 Jam
2057 1459 2266 1520 vero
2312 1426 2422 1516 de
2482 1433 2794 1520 horum
2869 1450 3411 1544 punctorum

588 1556 1106 1676 origine,&
1158 1586 1325 1643 usu
1379 1557 1810 1642 nonnulla
1875 1577 2089 1642 sunt
2152 1554 2650 1642 adnotanda
2720 1615 2745 1640 .
2829 1558 3035 1642 Non
3091 1553 3410 1645 desunt

594 1682 1026 1781 Hebraei,
1058 1687 1213 1796 qui
1271 1702 1804 1797 punctorum
1860 1686 2293 1798 originem
2349 1708 2656 1766 eorum
2718 1684 3068 1799 linguae
3107 1711 3415 1795 suppa-

517 1828 523 1833 ·
594 1834 791 1894 rem
822 1868 852 1915 ‚
886 1812 1067 1894 imo
1116 1806 1207 1895 ἃ
1273 1832 1483 1895 cum
1533 1809 1721 1924 lege
1769 1812 2086 1920 scripta
2148 1866 2177 1913 ,
2237 1805 2659 1893 divinitus
2714 1811 3029 1895 volunt
3092 1809 3416 1895 revela-

591 1950 780 2021 tam
817 1993 840 2018 .
907 1933 1303 2018 Censent
1361 1933 1503 2015 alii
1565 1951 1900 2046 puncta
1950 1935 2275 2021 vocalia
2317 1935 2422 2015 ab
2479 1930 2739 2018 Esdra
2797 1935 3063 2019 fuisse
3096 1937 3414 2021 inven-

594 2078 685 2145 ta
741 2116 773 2164 ,
837 2076 986 2144 aut
1038 2063 1510 2144 instaurata
1571 2118 1593 2141 .
1659 2058 2129 2171 Praecipua
2185 2058 2553 2143 istorum
2608 2063 2827 2144 ratio
2880 2062 3052 2147 huc
3117 2056 3340 2145 redit
3376 2117 3408 2164 ,

593 2181 833 2298 quod
886 2185 1327 2269 elementa
1387 2185 1715 2271 vocalia
1771 2183 1879 2269 ad
1933 2187 2527 2299 integritatem
2557 2240 2585 2284 ‚
2622 2183 2711 2271 ἃ
2775 2187 3414 2296 perfectionem

590 2312 1089 2421 scriptionis
1123 2368 1152 2412 ,
1187 2327 1428 2391 certo
1472 2302 1809 2393 ‘certius
1868 2314 2375 2421 pertineant
2425 2365 2450 2388 .
2519 2303 2689 2391 Sed
2721 2392 2726 2397 ,
2757 2311 3002 2393 aliter
3072 2337 3165 2394 se
3226 2337 3418 2396 rem

591 2434 906 2519 habere
961 2435 1424 2545 opinamur
1448 2491 1474 2516 .
1539 2431 2123 2545 Alphabetum
2176 2433 2674 2516 Hebraeum
2711 2489 2745 2539 ,
2810 2431 3048 2545 quod
3106 2462 3424 2520 conso·

597 2560 1013 2643 nantibus
1066 2574 1416 2642 tantum
1479 2557 1783 2642 litteris
1863 2578 2059 2671 post
2141 2576 2679 2670 punctorum
2737 2585 2995 2644 usum
3066 2616 3098 2663 ,
3161 2562 3424 2679 vulgo

596 2681 919 2768 dicitur
973 2707 1137 2767 con
1149 2699 1372 2767 stare
1405 2740 1436 2785 ‚
1469 2710 1622 2767 sua
1676 2687 2285 2796 complectitur
2336 2684 2774 2770 elementa
2809 2684 3134 2771 vocalia
3171 2724 3199 2791 ·,
3235 2691 3428 2799 qui.

596 2810 757 2894 bus
847 2809 1221 2891 Hebraei
1308 2808 1515 2893 olim
1572 2834 1754 2893 una
1816 2836 2022 2896 cum
2089 2809 2644 2896 Samaritanis
2722 2810 3044 2894 litteras
3106 2839 3426 2899 conso·-

597 2951 917 3020 nantes
985 2934 1460 3019 efferebant
1492 2990 1518 3015 .
1588 2934 1817 3018 Sunt
1879 2964 2090 3021 vero
2165 2961 2428 3033 v’nvns
2477 2994 2505 3020 .
2595 2935 3139 3022 Punctorum
3219 2964 3426 3055 ergo
3521 3042 3530 3051 .
3667 3014 3672 3023 .

596 3088 804 3145 usus
858 3079 1079 3145 tunc
1147 3064 1518 3145 maxime
1550 3116 1584 3166 ,
1618 3087 1824 3146 cum
1895 3064 2283 3146 Hebraea
2335 3059 2634 3177 lingua
2676 3079 2859 3144 erat
2904 3063 3427 3171 vernacula,

599 3214 790 3271 non
849 3203 1031 3270 erat
1062 3190 1520 3272 necessitas
1559 3242 1585 3267 .
1655 3181 2101 3302 Quidquid
2134 3204 2539 3302 regerant
2564 3183 2862 3302 Judaei
2900 3244 2930 3289 ,
2962 3213 3428 3299 nunquam

600 3311 1324 3399 demonstrabunt
1373 3372 1404 3419 ,
1464 3332 1672 3398 ante
1739 3343 2079 3402 annum
2165 3313 2488 3401 Christi
2555 3316 3359 3430 quingentesimum
3397 3375 3429 3423 ,

603 3456 935 3552 puncta
990 3438 1312 3523 vocalia
1381 3497 1410 3539 ‚
1471 3468 1577 3523 eo
1631 3442 1928 3527 saltem
1996 3469 2175 3555 quo
2229 3442 2483 3526 hodie
2547 3439 3048 3526 scribuntur
3101 3436 3366 3525 modo
3400 3500 3431 3548 ‚

598 3564 1067 3651 invaluisse
1101 3617 1126 3642 .
1183 3561 1268 3645 S.
1308 3562 1903 3680 Hieronymus
1939 3623 1970 3670 ,
2005 3585 2337 3677 puncta
2403 3562 2829 3676 ejusmodi
2891 3584 3171 3652 aetate
3238 3567 3428 3677 ejus

600 3694 698 3774 in
734 3683 741 3692 ’
771 3689 1062 3772 Bibliis
1126 3716 1314 3772 non
1365 3689 1844 3774 obtinuisse
1884 3747 1916 3794 ,
1946 3689 2290 3777 videtur
2322 3695 2701 3772 innuere
2772 3692 2915 3773 illa
2985 3715 3433 3801 exponens

600 3816 1012 3900 Habacuc
1079 3811 1552 3926 Prophetae
1589 3841 1776 3929 cap.
1805 3834 1938 3897 111.
2009 3847 2098 3901 v.
2142 3818 2229 3899 8.
2314 3808 2548 3898 Ante
2585 3814 2908 3913 faciem
2998 3815 3187 3924 ejus
3273 3811 3435 3899 iln‘t

600 3968 838 4026 mors
872 3970 900 4022 ε
967 3942 1084 4023 ita
1133 3945 1381 4023 enim
1447 3944 1743 4026 scribit
1802 3973 1825 4023 ε
1900 3942 2074 4025 Pro·
2142 3968 2248 4025 eo
2311 3935 2546 4051 quod
2606 3965 2771 4023 nos
2830 3940 3432 4026 transtulimus

606 4083 982 4154 mortem
1050 4069 1145 4150 in
1197 4065 1597 4151 Hebraeo
1659 4085 1836 4153 tres
1899 4068 2226 4154 litterae
2262 4068 2586 4178 positae
2643 4080 2853 4147 sunt
2903 4091 3056 4151 πει-ι
3118 4065 3437 4176 absque

600 4195 781 4278 ulla
844 4191 1174 4295 vocali,
1209 4219 1428 4303 quae
1494 4195 1568 4275 si
1629 4194 2026 4311 legantur
2089 4195 2369 4277 dovar-
2438 4191 2804 4275 verbum
2871 4188 3433 4307 significant3

605 4324 681 4403 si
734 4321 995 4405 clevet
1033 4378 1064 4423 ‚
1098 4346 1318 4430 quae
1382 4313 1714 4405 Graece
1771 4316 2088 4403 dicitur
2154 4312 2402 4425 λοιμός
2442 4373 2507 4419 ,,
2543 4376 2566 4400 .
2634 4314 2957 4400 Similia
3024 4316 3282 4400 habet
3335 4320 3433 4400 in

603 4472 703 4533 ca
733 4478 823 4563 p.
849 4464 970 4528 lx.
1023 4446 1441 4561 Jeremiae
1494 4475 1584 4533 v.
1619 4474 1771 4529 22.
1814 4502 1844 4549 ‚
1873 4448 2025 4530 ubi
2081 4442 2316 4530 addit
2376 4465 2530 4528 πει-ι
2584 4459 2958 4526 mortem
3015 4439 3440 4556 significa-

606 4602 703 4660 re
739 4634 769 4681 ‚
805 4569 1159 4685 quando
1221 4573 1534 4685 legitur
1606 4573 1868 4657 cleher
1893 4630 1916 4655 .
1985 4571 2212 4656 Heic
2238 4626 2269 4677 ,
2303 4571 2593 4679 inquit
2627 4563 3109 4652 Bernardus
3156 4565 3440 4680 Lamy

610 4702 707 4782 in
757 4716 1169 4812 apparatu
1202 4697 1389 4782 Bib.
1448 4698 1595 4783 lib.
1628 4717 1721 4781 11.
1780 4722 1969 4810 cap.
2022 4700 2109 4783 6.
2155 4757 2185 4803 ‚
2219 4691 2674 4781 commoda
2705 4693 3074 4779 fuissent
3105 4711 3439 4805 puncta

611 4820 720 4906 ad
779 4827 1426 4943 ambiguitatem
1463 4820 1933 4908 tollendam
1987 4881 2017 4928 ,
2083 4821 2172 4911 ἃ
2226 4824 2734 4911 varietatem
2791 4818 3441 4938 significationis

610 4948 1205 5058 explicandam
1243 5009 1273 5056 ‚
1308 4948 1457 5036 sed
1523 4951 1762 5035 nulla
1834 4950 2180 5037 illorum
2260 4949 2605 5036 mentio
2658 4944 2755 5030 fit
2808 5004 2840 5052 ,
2908 4971 3096 5031 non
3159 4945 3438 5028 solum

610 5070 841 5187 apud
908 5077 1561 5193 Hieronymum
1600 5138 1632 5186 ,
1665 5073 1813 5163 sed
1845 5075 1930 5163 81
1967 5071 2195 5192 apud
2223 5091 2606 5162 caeteros
2636 5070 2928 5163 Patres
2973 5089 3154 5159 tam
3180 5067 3441 5156 Grae-

2258 5201 2332 5283 B
2361 5227 2413 5285 2
3292 5216 3440 5277 cos
