4913 6618
1597 638 1718 720 24

1592 740 1956 827 vitatem
2020 759 2230 827 cum
2310 764 2512 856 rege
2574 734 2979 856 Joackim
3063 728 3474 824 abductos
3538 748 3573 846 ',
3636 760 3899 852 quam
3977 732 4410 835 excidium

1593 862 2493 981 Hierosolymitanum
2551 868 2995 983 ingrueret
3030 892 3213 970 ‚ne
3280 893 3565 951 unum
3632 863 3984 977 quidem
4049 865 4255 985 legis
4318 873 4410 954 li·

1593 990 1851 1079 brum
1905 995 2359 1079 retinuisse
2385 988 2431 1076 ⁴?
2468 990 2797 1078 Nonne
2854 992 3333 1076 Hieremias
3393 990 3817 1104 Propheta
3852 1051 3883 1098 ,
3930 1022 4131 1079 man
4145 991 4409 1084 dante

1591 1113 2430 1207 Nabuchodonosore
2467 1175 2497 1221 ,
2527 1148 2578 1202 a
2640 1113 3291 1204 Naburzadane'
3328 1116 3565 1201 nulla
3631 1135 4025 1235 gravatus
4086 1122 4408 1232 injuria

1594 1240 1847 1331 facile
1894 1246 2232 1333 sacrum
2296 1242 2716 1332 Codicem
2761 1246 3048 1358 potuit
3101 1241 3530 1331 custodire
3559 1240 3604 1326 2
3630 1246 3960 1363 Legere
4027 1265 4155 1334 est
4210 1246 4406 1335 Ma-

1595 1369 1977 1455 chab.11.
2045 1398 2234 1484 cap.
2273 1390 2368 1455 11.
2438 1401 2525 1457 v.
2573 1400 2657 1486 5.
2720 1371 3254 1455 Hieremiam
3313 1398 3363 1454 e
3429 1365 4106 1488 conflagratione
4181 1372 4402 1462 Hie-

1593 1496 2205 1611 rosolymitana
2237 1554 2268 1601 ,
2332 1494 2658 1582 Arcam
2709 1496 3141 1602 Domini,
3182 1496 3875 1582 Tabernaculum
3906 1556 3933 1600 ‚
3997 1496 4087 1584 81
4141 1499 4408 1587 altare

1592 1622 1938 1708 incensi
1999 1626 2372 1707 eximere
2435 1626 2877 1735 potuisse;
2942 1618 3178 1735 Quid
3233 1626 3333 1706 ni
3384 1649 3658 1707 sacros
3721 1650 4069 1736 quoque
4146 1626 4402 1712 libros

1592 1741 1967 1832 flammis
2026 1764 2362 1863 ereptos
2416 1749 2627 1834 hinc
2684 1775 2871 1834 non
2925 1752 3037 1834 sit
3082 1747 3763 1858 conjectandum
3788 1744 3834 1831 ἓ
3866 1747 4219 1837 Esdram
4244 1758 4399 1837 ita-

1595 1900 1771 1985 que
1835 1872 2290 1960 Sacrorum
2356 1874 2784 1960 Codicum
2840 1880 3384 1990 agnoscimus
3418 1875 3662 1979 ‚Deo
3713 1878 4242 1988 opitulante,
4275 1906 4402 1964 re-

1598 2018 2082 2112 paratorem
2104 2058 2137 2106 ,
2169 2020 2784 2115 auctoremque
2840 1999 3226 2085 Canonis
3256 1997 3772 2119 Judaeorum
3809 2060 3838 2104 ‚
3870 2022 4232 2088 curante
4251 2001 4399 2118 Sy·

1596 2123 1907 2210 nedrio
1959 2154 2278 2244 magno
2312 2184 2343 2232 ‚
2373 2146 2633 2240 atque
2675 2124 3201 2237 adprobante
3252 2186 3282 2231 ,
3348 2154 3536 2211 non
3621 2156 3828 2217 vero
3893 2155 3996 2214 ex
4050 2132 4405 2247 integro

1595 2251 1943 2336 illorum
2012 2257 2361 2341 noviter
2423 2257 3108 2366 conscriptorem
3146 2313 3167 2335 .
3234 2250 3362 2338 At
3422 2256 3662 2337 enim
3744 2251 3969 2365 apud
4038 2253 4400 2370 Judaeos

1594 2380 1692 2461 in
1762 2403 2007 2463 more
2058 2383 2436 2493 positum
2482 2398 2664 2464 erat
2710 2438 2740 2486 ‚
2797 2376 3234 2491 quomodo
3309 2380 3720 2497 Josepbus
3777 2382 3919 2463 lib.
3962 2399 4020 2462 1.
4091 2398 4400 2467 contra

1594 2500 2103 2615 Appionem
2167 2523 2531 2591 testatur
2563 2566 2594 2612 ,
2620 2524 2721 2591 ut
2780 2525 2973 2618 post
3031 2505 3389 2591 exitialia
3453 2506 3750 2590 bellica
3805 2503 4330 2592 detrimenta
4362 2564 4395 2612 ,

1599 2626 1839 2713 Sacri
1892 2628 2255 2716 Codices
2311 2660 2569 2745 opera
2616 2636 3172 2744 superstitum
3216 2628 3773 2741 Sacerdotum
3822 2658 4397 2748 recognosce-2

1595 2774 1904 2839 rentur
1936 2815 1966 2861 ,
1997 2775 2259 2871 atque
2288 2776 3007 2876 repurgarentur‚
3042 2753 3769 2868 quemadmodum
3801 2762 4166 2874 contigit
4199 2777 4397 2871 post

1596 2876 2139 2968 Anthiocum
2201 2885 2800 2998 Epiphanem,
2830 2882 3100 2969 Sacris
3149 2880 3609 2967 Codicibus
3667 2880 4397 2990 infensissimum,

1574 3003 2070 3121 'itidemque
2125 3030 2323 3123 post
2374 3009 2891 3122 Pompeium
2957 3035 3375 3125 magnum
3412 3068 3442 3112 ‚
3473 3005 3561 3092 ἃ
3621 3010 4149 3122 Quintilium
4205 3008 4394 3093 Va-

1591 3159 1787 3216 rum
1811 3192 1843 3237 ‚
1879 3140 2030 3246 qui
2075 3156 2346 3222 castra
2392 3136 2793 3223 adversus
2841 3134 3200 3250 Judaeos
3254 3131 3672 3218 duxerant
3705 3190 3738 3238 ,
3761 3129 4119 3216 dubium
4177 3137 4396 3220 exci-

1590 3273 1822 3343 tatur
1854 3318 1884 3363 ,
1919 3288 2028 3345 an
2089 3281 2429 3375 praeter
2485 3259 2954 3347 Esdrinum
3014 3260 3480 3347 Canonem
3514 3319 3544 3364 ‚
3586 3288 3762 3373 quo
3808 3264 4191 3373 primum
4247 3259 4388 3345 Sa·

1595 3389 1724 3469 cri
1777 3387 1970 3469 libri
2034 3414 2141 3471 ex
2186 3389 2565 3507 legitima
2619 3391 3122 3473 auctoritate
3165 3444 3198 3491 ‚
3263 3407 3363 3473 ut
3427 3383 3703 3470 divini
3778 3387 4098 3497 populo
4146 3384 4390 3472 fuere

1590 3516 2069 3626 propositi,
2100 3515 2242 3598 alii
2297 3513 2663 3602 subinde
2711 3516 2904 3626 libri
2950 3514 3299 3599 Canoni
3353 3512 3683 3598 fuerint
3747 3510 4110 3619 adjecti,
4144 3515 4259 3596 ita
4290 3533 4389 3601 ut
4513 3583 4518 3592 .

1585 3638 1725 3723 hic
1781 3643 2183 3756 geminus
2217 3699 2247 3747 ‚
2280 3646 2419 3732 vel
2483 3643 2742 3727 etiam
2788 3640 3095 3751 triplex
3159 3642 3270 3724 sit
3316 3634 4173 3756 agnoscendus‘3Qui
4232 3664 4386 3750 po-

1581 3780 1905 3851 stremo
1967 3771 2315 3880 sapiunt
2361 3765 2626 3855 modo
2661 3826 2692 3873 ,
2723 3769 3248 3876 conjecturis
3279 3768 3565 3877 potius
3595 3764 4040 3852 levissimis
4071 3822 4100 3869 ,
4125 3790 4394 3874 quam

1586 3890 1872 3976 solidis
1958 3892 2556 3977 fundamentis
2644 3894 2895 3975 nobis
2965 3889 3378 3978 videntur
3459 3892 3738 3974 inniti
3800 3949 3822 3972 .
3911 3886 4389 3977 Exadverso

1587 4018 2056 4128 opinamur
2105 4015 2411 4101 Libros
2460 4017 2794 4104 Baruch
2825 4075 2856 4122 ,
2886 4016 3208 4101 Tobiae
3232 4074 3263 4121 ,
3288 4012 3583 4135 Judith
3607 4072 3639 4119 ‚
3669 4014 4154 4128 Sapientiae
4175 4072 4205 4120 ,
4236 4014 4391 4101 Ec·-

1579 4141 2030 4228 clesiastici
2055 4200 2088 4248 ,
2148 4161 2411 4256 atque
2467 4143 3185 4229 Machabaeorum
3251 4148 3298 4258 (
3365 4169 3580 4256 quos
3639 4142 3759 4225 illi
3827 4146 3922 4225 in
3987 4143 4389 4227 Hieroso-

1580 4267 2030 4382 lymitanis
2086 4273 2458 4355 comitiis
2522 4269 3024 4389 Synagogae
3077 4298 3442 4389 magnae
3478 4326 3508 4372 ,
3543 4296 3816 4380 quum
3884 4295 4205 4382 nempe
4230 4269 4386 4352 sub

1582 4392 1975 4480 Eleazaro
2013 4395 2440 4483 Pontifice
2499 4454 2527 4498 ,
2587 4394 2697 4482 de
2750 4392 3201 4482 mittendis
3264 4393 3373 4479 ad
3451 4392 4102 4507 Philadelphum
4152 4394 4384 4481 libris

1585 4539 1879 4607 actum
1940 4522 2180 4640 fiJit)
2211 4524 2309 4605 in
2357 4521 2826 4608 Canonem
2887 4520 3196 4607 dicunt
3250 4539 3692 4633 cooptatos
3753 4578 3783 4626 ‚
3846 4522 4309 4633 opinamur
4350 4573 4385 4626 ‚

1586 4650 1952 4759 inquam
1977 4706 2008 4753 ,
2037 4648 2291 4731 libros
2348 4654 2818 4735 recensitos
2886 4644 3116 4761 apud
3162 4644 3525 4766 Judaeos
3586 4672 3750 4733 ceu
3818 4644 4112 4731 Sacros
4169 4699 4202 4747 ,
4256 4660 4384 4731 at·

1587 4800 1761 4887 que
1804 4774 2302 4860 Canonicos
2365 4801 2555 4861 non
2603 4772 3072 4862 audivisse.
3137 4773 3479 4892 Viginti
3519 4832 3552 4880 ,
3609 4801 3707 4858 ac
3779 4769 3949 4855 duo
4026 4788 4382 4856 tantum

1585 4920 1994 4987 numerat
2039 4900 2453 5020 Josephus
2517 4903 2666 4987 lib.
2707 4922 2765 4984 1.
2831 4920 3137 4989 contra
3220 4897 3728 5014 Appionem
3820 4898 4190 4986 Divinos
4241 4893 4418 5016 Ju·'

1588 5021 1999 5112 daeorum
2054 5025 2423 5115 Codices
2473 5084 2497 5110 .
2563 5028 2742 5115 Alii
2818 5047 3019 5143 post
3088 5046 3477 5139 tempora
3537 5025 4011 5111 Artaxer-sis
4071 5020 4383 5108 Esdrae

1588 5148 2088 5268 Synchroni
2147 5157 2462 5244 exarati
2491 5214 2526 5268 ,
2557 5158 2815 5246 simili
2874 5153 3043 5242 fide
3071 5211 3108 5264 -,
3138 5152 3449 5242 eodem
3488 5170 3864 5244 testante
3895 5209 3930 5263 ,
3961 5147 4385 5360 dignibba:

4273 5291 4383 5363 1t1
