4913 6618
1519 561 1690 652 124

1513 673 1883 787 reglonis
1934 670 2239 780 Delta,
2300 661 2570 784 prope
2622 677 2917 756 sinum
2966 666 3548 774 'Arabicum-'9
3609 662 3719 754 ad
3801 665 4294 759 secundnm

1513 797 1856 881 alveum
1911 795 2151 902 Nili,
2213 802 2641 882 orientem
2702 823 2997 881 versus
3065 858 3088 880 .
3176 800 3475 909 Quum
3559 797 3851 908 itaque
3902 796 4292 914 Aegypti

1512 918 1868 1004 latitudo
1924 925 2568 1035 septentionalis
2622 952 2671 1006 a
2720 918 2988 1035 gradu
3051 926 3769 1037 vigesimoquarto
3857 926 4224 1035 incipiat
4257 979 4294 1027 ,

1514 1065 1902 1157 superest
1949 1067 2044 1131 ut
2097 1049 2368 1159 Tanis
2423 1105 2456 1150 ‚
2517 1078 2668 1133 seu
2728 1048 3023 1130 Thebe
3079 1075 3128 1128 a
3186 1045 3583 1155 Memphi
3646 1051 3937 1157 paucis
3999 1050 4291 1133 latitu-

1515 1168 1747 1255 dinis
1795 1163 2220 1289 gradibus‘
2250 1173 2643 1258 distaret.
2706 1168 3009 1253 Fidem
3067 1170 3270 1254 hinc
3326 1168 3669 1264 videtur
3732 1200 4129 1284 superare
4188 1174 4288 1255 in

1513 1297 1757 1381 almis
1813 1297 2194 1406 ejusdem
2248 1296 2833 1382 florentissimi
2897 1299 3144 1411 regni
3195 1297 3542 1379 urbibus
3596 1355 3626 1400 ,
3688 1296 3914 1381 haud
3970 1322 4289 1413 magno

1510 1425 1747 1506 inter
1779 1449 1870 1508 se
1896 1421 2205 1507 dissitis
2243 1424 2697 1509 intervallo
2731 1476 2761 1522 9
2823 1447 3095 1504 unam
3127 1421 3301 1528 jam
3335 1429 3887 1506 consenuisse
3910 1420 4290 1506 Graeco·-

1510 1543 2033 1664 Aegyptiam
2094 1544 2555 1632 dialectum
2590 1608 2621 1653 ,
2682 1545 3340 1656 Memphiticam
3395 1574 3718 1658 nempe
3774 1605 3804 1650 ,
3887 1574 4091 1631 cum
4160 1550 4294 1629 in-

1509 1676 1770 1755 terim
1830 1669 2087 1756 altera
2116 1729 2144 1774 ‚
2204 1672 2626 1757 Thebaica
2659 1675 3079 1754 nimirum
3117 1730 3145 1774 ‚
3208 1668 3723 1756 adolesceret
3754 1730 3777 1752 .
3843 1671 4292 1756 Postremo

1510 1811 1937 1908 quotquot
1990 1795 2419 1882 Codicum
2475 1796 3104 1914 Aegyptiorum
3158 1793 3641 1911 fragmenta
3672 1855 3705 1898 ‚
3768 1797 3905 1882 vel
3971 1825 4073 1883 ex
4137 1795 4295 1880 Va·

1508 1927 1797 2008 ticana
1841 1923 2232 2006 Biblioth.
2271 1982 2300 2026 ,
2362 1924 2498 2008 vel
2567 1952 2672 2007 ex
2732 1921 3043 2003 Museo
3073 1920 3500 2035 Borgiano
3533 1980 3564 2025 ,
3624 1918 4080 2007 &aliunde
4112 1921 4290 2004 lau-

1505 2045 1829 2132 dantur
1865 2104 1893 2149 ,
1957 2067 2196 2130 certo
2251 2053 2566 2133 certius
2626 2050 3008 2160 priorum
3072 2044 3491 2131 Ecclesiae
3545 2064 4042 2159 temporum
4098 2072 4287 2132 non

1507 2171 1942 2260 excedunt
2003 2191 2517 2259 vetustatem
2557 2231 2578 2255 .
2644 2173 2769 2256 Ex
2818 2175 2919 2254 iis
2984 2197 3192 2257 vero
3257 2169 3691 2283 quomodo
3764 2170 3875 2258 de
3938 2171 4297 2285 Aegyp-

1508 2303 1777 2383 tiacae
1841 2299 2183 2413 linguae
2246 2296 2541 2384 indole
2574 2356 2604 2403 ‚
2667 2300 3251 2410 proprietate,
3312 2295 3691 2381 dialectis
3755 2353 3787 2399 ‚
3853 2324 4073 2405 quae
4158 2321 4297 2379 reu·

1503 2431 1850 2510 troactis
1914 2427 2438 2535 temporibus
2497 2425 3073 2511 usuvenerint
3141 2482 3175 2526 ‚
3233 2422 3722 2505 Psammitis
3796 2418 4199 2508 videlicet
4254 2478 4291 2526 ,

1503 2545 1592 2632 ἃ
1648 2552 2246 2635 Successorum
2284 2609 2313 2653 ,
2337 2552 2966 2665 Tyrannorum
3002 2604 3030 2648 ‚
3094 2551 3420 2659 quique
3449 2574 3592 2631 eos
3625 2548 4052 2638 subsecuti
4080 2562 4293 2631 sunt

1503 2671 2285 2759 Ptolommaeorum
2319 2736 2348 2779 ‚
2411 2677 2849 2785 conjicere
2900 2674 3153 2758 liceat
3202 2730 3234 2776 ,
3293 2670 3521 2785 apud
3572 2670 3997 2756 doctiores
4044 2671 4294 2754 libra-

1503 2817 1700 2884 tum
1764 2821 1946 2885 esto
1992 2800 2406 2906 judicium
2445 2862 2469 2884 .
2538 2804 2772 2885 Dum
2814 2825 3212 2886 cavemus
3274 2802 3606 2882 interea
3667 2854 3699 2900 ‚
3760 2825 3879 2881 ne
3932 2824 4036 2882 ex
4107 2794 4289 2880 Co·

1502 2922 1831 3010 dicibus
1882 2926 2388 3011 Christianis
2424 2985 2455 3030 ,
2514 2928 3137 3039 Episcoporum
3189 2924 3543 3008 'scilicet
3574 2919 4219 3025 ‚JSacerdotum
4257 2979 4292 3026 ‚

1500 3050 2144 3143 Monachorum
2193 3052 2278 3135 S.
2312 3052 2746 3136 Pachomii
2804 3110 2835 3154 ‚
2898 3055 3048 3163 qui
3107 3051 3400 3163 prIscis
3460 3049 3885 3135 Ecclesiae
3941 3047 4291 3135 saeculis

1501 3181 1601 3260 in
1669 3176 2076 3293 Aegypto
2112 3235 2140 3280 ‚
2202 3177 2288 3263 ἃ
2349 3181 2668 3288 pieta'te
2700 3233 2732 3279 ‚
2791 3174 2880 3259 ἃ
2941 3177 3241 3258 litteris
3302 3169 3675 3259 floruere
3721 3233 3752 3279 ‚
3810 3172 4289 3285 quidquam

1502 3299 1613 3387 de
1658 3301 2189 3420 Aegyptiaca
2237 3302 2539 3419 lingua
2564 3362 2594 3405 ,
2657 3300 2975 3387 Christi
3036 3301 3395 3386 Domini
3454 3305 3998 3386 nativitatem
4051 3317 4288 3385 ante-

1502 3447 1904 3518 vertente
1940 3487 1968 3532 ‚
2029 3448 2495 3513 statuamus
2528 3485 2559 3533 ,
2614 3426 2869 3511 facile
2914 3431 3383 3513 annuimus
3449 3423 4055 3512 christifideles
4118 3424 4291 3513 Ae·-

1504 3561 1847 3671 gyptios
1881 3614 1909 3658 ‚
1972 3554 2346 3638 dialectis
2400 3559 2634 3639 inter
2687 3581 2777 3637 se
2841 3550 3192 3642 diversis
3254 3580 3445 3636 usos
3476 3550 3733 3638 fuisse
3763 3610 3794 3658 ,
3856 3552 4292 3665 Memphi·
4340 3648 4347 3653 ‚

1502 3684 1677 3764 tica
1747 3684 2163 3765 nimirum
2200 3736 2231 3784 ,
2290 3676 2859 3766 Thebaidensi
2896 3736 2925 3783 ,
2987 3706 3207 3792 quae
3283 3675 3371 3762 8<
3454 3675 3835 3765 Sahidica
3898 3675 4218 3763 dicitur
4255 3732 4290 3784 ‚

1500 3805 2054 3893 Psammirica
2083 3867 2110 3909 ,
2173 3833 2323 3890 seu
2389 3807 2881 3890 Basmurica
2936 3860 2968 3906 ‚
3028 3803 3602 3889 Ammoniaca
3676 3862 3707 3909 ,
3770 3831 3868 3891 ac
3933 3800 4290 3890 demum

1451 3918 1456 3925 ⁸
1500 3930 1876 4019 conflata
1916 3962 2019 4016 ex
2061 3933 2485 4017 Thebaica
2512 3989 2540 4033 ‚
2603 3927 2688 4013 ἃ
2747 3929 3313 4041 Memphitica
3349 3987 3379 4034 ,
3441 3957 3647 4039 quas
3679 3986 3711 4032 ‚
3770 3934 3841 4012 si
3894 3947 4290 4041 respectu

1503 4061 1914 4171 temporis
1949 4117 1977 4161 ‚
2041 4086 2217 4170 quo
2267 4057 2878 4140 recentissimis
2933 4055 3319 4140 litteratIs
3374 4055 3828 4166 Europaeis
3878 4057 4288 4139 innotue-

1504 4204 1716 4271 runt
1749 4243 1781 4289 ,
1842 4188 2209 4295 primam
2269 4180 2729 4289 dixerimus
2766 4242 2797 4286 ‚
2856 4179 3328 4265 secundam
3366 4237 3397 4282 ‚
3448 4185 3792 4264 tertiam
3829 4240 3857 4285 ,
3919 4180 4004 4267 ἃ
4039 4209 4288 4293 quar-

1502 4327 1682 4395 tam
1719 4367 1749 4412 ,
1812 4310 2027 4392 nihil
2092 4328 2223 4394 est
2280 4306 2531 4420 quod·
2566 4310 2868 4392 erroris
2925 4308 3407 4419 periculum
3472 4331 3923 4390 vereamur
3961 4365 3983 4388 .
4052 4305 4291 4391 Alte-

1499 4463 1595 4520 ra
1652 4431 1914 4519 modo
1962 4452 2183 4519 esset
2234 4431 2713 4522 evolvenda
2774 4437 3158 4543 quaestio
3190 4429 3297 4514 de
3324 4430 3901 4546 Aegyptiacae
3944 4433 4290 4548 linguae

1501 4582 1707 4646 cum
1760 4561 2181 4644 Hebraica
2235 4559 2658 4643 affinitate
2684 4588 2720 4659 ,ς
2786 4555 2934 4640 sed
2990 4576 3122 4640 tot
3154 4557 3415 4668 plena
3446 4576 3575 4639 est
3607 4559 3942 4640 salebris
3974 4561 4294 4644 isthaec

1498 4691 2084 4770 controversia
2118 4742 2146 4787 ‚
2207 4701 2309 4764 ut
2354 4690 2499 4771 vix
2550 4687 2817 4795 possit
2874 4680 3210 4767 definiri
3280 4738 3302 4763 .
3368 4679 3715 4767 Nullam
3774 4683 4295 4771 Schmitdius

1502 4814 1890 4925 agnoscit
1926 4844 1950 4893 ε
2018 4811 2107 4897 81
2160 4808 2679 4893 Bochartum
2714 4864 2744 4911 ‚
2809 4813 2957 4917 qui
3008 4826 3316 4894 contra
3379 4812 3787 4918 opinatur
3842 4814 4044 4893 satis
4077 4815 4296 4895 acri-

1501 4953 1638 5027 ter
1699 4928 2251 5050 reprehendit
2291 4993 2314 5015 .
2384 4934 2878 5045 Picquesius
2939 4991 2968 5037 ‚
3047 4932 3134 5019 8<
3202 4933 3576 5017 Thomas
3623 4931 4115 5020 Edvvardus
4179 4941 4299 5025 in.

1505 5066 1824 5147 mutuis
1889 5059 2266 5175 epistolis
2321 5063 2576 5148 ambo
2649 5084 2811 5172 pro
2848 5075 2991 5144 Nre
3084 5076 3319 5150 certa
3370 5075 3722 5171 ponunt
3785 5117 3820 5167 ,
3902 5061 4300 5178 linguam

1515 5222 1520 5225 ·
4065 5186 4291 5273 Clea-

4786 1113 4797 1224 -1
4788 931 4805 1032 ⁴¹¹¹-1
4800 839 4801 842 „
