4913 6618
695 607 702 610 -
3246 538 3285 594 ¹
3303 541 3355 627 3
3371 543 3423 628 3

604 638 799 755 quis
830 663 1041 729 vero
1061 634 1171 728 de
1203 634 1956 755 Scriptoribus,qui
1985 628 2372 750 Copticis
2400 632 2708 724 litteris
2726 632 3124 724 animum
3152 639 3436 751 appli·.

604 790 871 854 cuere
904 824 939 872 ‚
972 770 1347 855 ubertim
1403 765 1617 854 velit
1670 760 1993 849 erudiri
2021 818 2053 865 ‚
2084 758 2329 847 adeat
2384 762 2966 847 litteraturae
3003 760 3437 877 Copticae‘

601 893 1225 1008 {inclimentum
1294 890 1674 977 Comitis
1738 885 2209 1005 Valpergae
2240 944 2271 991 ‚
2300 911 2453 971 seu
2508 886 2867 1002 Didymi
2921 887 3419 975 TaurInen·

601 1020 720 1100 sis
753 1073 785 1122 ‚
848 1019 996 1103 ubi
1062 1042 1368 1101 eorum
1432 1020 1746 1101 seriem
1804 1014 1986 1101 fere
2038 1011 2562 1125 completam
2621 1015 3021 1100 inveniet
3054 1070 3080 1096 .
3140 1010 3419 1127 Apud

606 1140 849 1227 bunc
911 1201 945 1248 ‚
1007 1139 1383 1259 Georgio
1453 1158 1673 1227 teste
1740 1197 1772 1242 ‚
1855 1139 2484 1226 nobilissimum
2536 1192 2572 1242 ‚
2650 1133 3421 1250 doctissimumque

601 1263 1134 1381 scriptorem
1200 1269 1578 1381 reperire
1637 1267 1803 1354 erit
1864 1259 2249 1351 laudibus
2273 1280 2680 1352 ornatum
2702 1263 3193 1380 Johannem
3220 1262 3416 1354 Ber·
3460 1324 3468 1332 -

602 1390 983 1480 nardum
1032 1390 1141 1478 de
1194 1393 1447 1502 Rossi
1481 1450 1512 1498 ,
1584 1416 1849 1507 quem
1933 1385 2349 1505 Georgius
2406 1416 2755 1502 quoque
2812 1392 3159 1507 insigne
3221 1389 3435 1498 Par--

448 1622 457 1634 ¹
602 1542 888 1605 mens.
948 1514 1522 1606 Accademiae
1561 1576 1593 1623 ‚
1653 1542 1753 1603 ac
1808 1511 2340 1628 praeclarum
2405 1517 2502 1599 in
2570 1518 2877 1627 primis
2940 1516 3418 1605 Hebraicae

609 1640 1135 1732 litteraturae
1188 1645 1492 1728 lumen
1544 1702 1576 1747 ‚
1666 1639 1755 1728 &
1811 1642 2156 1756 linguae
2217 1640 2634 1753 Copticae
2695 1637 3145 1742 vindicem
3217 1639 3415 1751 jure

606 1773 951 1881 optimo
1013 1770 1379 1883 appellat
1403 1824 1428 1848 .
1488 1768 1687 1854 Sint
1751 1765 1942 1851 loco
2008 1762 2470 1851 Coronidis
2524 1765 2957 1881 Johannes
3010 1764 3417 1883 Aloysius

608 1890 894 1980 Abbas
944 1893 1531 2012 Mingarellius
1566 1951 1598 1996 ‚
1658 1889 2074 2009 Georgius
2112 1889 2394 2008 Zoiiga
2424 1948 2459 1994 ,
2510 1888 2859 1976 Gabriel
2912 1891 3348 1980 Fabricius
3379 1950 3416 1999 ‚

603 2046 706 2106 ac
769 2038 916 2110 tan
927 2017 1128 2106 dem
1192 2017 1610 2136 Georgius
1666 2036 1960 2103 noster
2049 2017 2144 2099 in
2217 2015 2584 2127 Coptica
2643 2018 3117 2105 litteratura
3197 2021 3418 2106 nulli

603 2142 959 2231 fortasse
1023 2141 1453 2232 secundus
1522 2202 1547 2227 .
1644 2144 1814 2229 Hic
1880 2142 2056 2251 jam
2112 2137 2222 2225 ad
2283 2160 2685 2227 mentem
2746 2144 2995 2230 nobis
3062 2162 3412 2234 revocat

609 2272 1231 2380 amplissimum
1265 2327 1297 2371 ,
1358 2267 1447 2356 81
1496 2269 1817 2353 Emiim
1874 2264 2490 2353 Moecenatem
2552 2265 2737 2373 ejus
2784 2266 3416 2386 Aegyptiarum

608 2399 1229 2505 antiquitatum
1281 2398 1652 2490 'osma-rev.
1688 2394 2222 2507 Stephanum
2278 2388 2540 2478 Cord.
2591 2392 2894 2510 Borgia
2938 2433 2980 2501 ι,
3040 2400 3186 2482 cui
3237 2422 3433 2514 om-⁸

609 2523 762 2607 nia
824 2521 970 2604 abs
1028 2548 1118 2606 se
1173 2522 1580 2606 illustrata
1632 2520 1977 2632 Serapei
2021 2516 2447 2604 Veliterni
2507 2538 3088 2607 monumenta
3122 2581 3154 2627 ,
3213 2538 3412 2609 tum

605 2648 706 2728 in
779 2646 1436 2732 elaboratissimo
1537 2673 1799 2760 opere
1895 2641 2515 2763 Fragmentum
2601 2644 2694 2728 S.
2745 2645 3197 2753 Iohannis.
3227 2645 3411 2737 ὅσα.

609 2787 810 2856 tum
867 2775 962 2856 in
1023 2775 1193 2857 alio
1254 2769 1640 2883 ejusdem
1704 2774 2136 2857 momenti
2202 2826 2235 2875 ,
2328 2771 2466 2855 De
2512 2769 2974 2856 Min-aculis
3031 2772 3127 2858 S.
3168 2773 3435 2894 Colm-

605 2895 741 2980 tln'
793 2894 974 2986 &c-
1043 2925 1133 2983 se
1190 2925 1530 3010 prorsus
1595 2895 1901 2984 debere
1935 2953 1967 2999 ‚
2028 2921 2215 2980 non
2281 2896 2549 2984 semel
2599 2893 3081 2983 audivimus
3105 2955 3138 3004 ,
3213 2924 3413 2984 can-

606 3017 1047 3106 didissime
1129 3023 1684 3135 profitentem
1749 3079 1774 3102 .
1869 3020 2177 3107 Decies
2237 3018 2327 3108 ἃ
2391 3022 2615 3104 ultra
2672 3023 2766 3103 in
2830 3048 3089 3135 opere
3153 3049 3411 3112 nuno

607 3149 848 3261 prius
905 3168 1383 3236 memorato
1445 3151 1553 3234 ab
1629 3149 1990 3268 ἔυχάςιςῳ
2057 3141 2432 3264 Georgio
2493 3145 2753 3232 fuisse
2828 3146 3263 3234 laudatum
3318 3147 3408 3236 81

613 3273 1254 3360 observavimus
1297 3335 1325 3380 ‚
1386 3272 1474 3363 81
1521 3271 1920 3361 delectati
1973 3298 2267 3361 sumus
2302 3331 2332 3380 ,
2397 3301 2927 3388 quamquam
2977 3275 3144 3357 κατ’
3172 3265 3412 3387 ἤματί-

610 3431 728 3516 pou
783 3399 1057 3511 γνώμη
1107 3395 1522 3512 eadwinus
1562 3460 1583 3484 .
1649 3402 1965 3512 Ecquis
2021 3404 2263 3501 enim
2318 3404 2595 3486 obiter
2627 3457 2657 3504 ‚
2720 3425 2819 3485 ac
2884 3427 3044 3513 pro
3097 3428 3194 3485 re
3256 3427 3412 3486 na-

606 3541 702 3609 ta
734 3583 766 3627 ‚
833 3544 934 3606 ut
975 3523 1391 3644 Georgius
1430 3527 1645 3613 fecit
1668 3583 1701 3632 ,
1761 3531 2216 3639 praeconia
2259 3525 2733 3637 adhaequet
2755 3525 2957 3611 Efi'ii
2989 3531 3157 3614 viri
3196 3585 3227 3632 ‚
3260 3528 3414 3639 qui

604 3646 698 3735 ἃ
764 3646 1246 3768 Religionis
1295 3654 1615 3764 ubique
1659 3655 2059 3770 gentium
2090 3648 2739 3765 amplificandae
2768 3711 2796 3756 ‚
2822 3679 3010 3737 non
3048 3656 3411 3767 inquam

610 3777 840 3865 votis
865 3832 899 3881 ,
962 3775 1109 3862 sed
1174 3779 1646 3884 laboribus,
1672 3777 1761 3865 ἃ
1807 3780 2342 3865 exotioorum
2371 3774 3173 3891 promovendorum
3205 3776 3415 3862 idio·

613 3917 954 3989 matum
982 3960 1014 4005 ‚
1077 3931 1258 3988 non
1321 3908 1683 4014 inquam
1743 3901 2027 3988 studio
2060 3963 2090 4008 ,
2141 3901 2287 3988 sed
2368 3903 2869 4015 multiplicis
2935 3907 3412 4014 praestatio*

614 4052 740 4112 ne
789 4029 1071 4136 operis
1106 4085 1136 4131 ,
1188 4029 1331 4115 vix
1387 4028 1723 4114 Romae
1785 4056 2246 4141 supparem
2313 4087 2344 4137 ‚
2423 4022 2856 4138 'majorem
2921 4046 3157 4114 certe
3223 4055 3414 4113 non

607 4174 838 4238 esset
911 4157 1290 4262 reperire
1371 4154 1392 4235 l
1458 4154 1708 4266 Quis'
1732 4154 2326 4266 perfunctorie
2413 4171 2541 4237 sat
2633 4151 3017 4243 laudibus
3105 4155 3419 4241 tribuat

613 4275 1078 4390 Purpurati
1150 4281 1313 4365 viri
1342 4334 1371 4380 ‚
1433 4284 1583 4389 qui
1638 4277 1725 4364 8<
1783 4282 2254 4396 omnigena
2283 4281 2665 4363 emineat
2694 4276 3180 4364 eruditione
3231 4279 3423 4391 (ut

614 4396 852 4485 inter
902 4403 1106 4486 alios
1152 4406 1259 4487 ab
1317 4428 1421 4487 eo
1478 4400 1749 4489 editos
1802 4405 2114 4508 libros,
2172 4430 2272 4488 ac
2310 4401 2942 4489 dissertationes
2970 4465 3002 4511 ,
3063 4405 3206 4491 vel
3236 4432 3459 4490 una.

615 4526 1110 4643 Georgiano
1167 4526 1494 4613 adnexa
1573 4531 1811 4642 operi
1875 4526 1986 4615 de
2041 4531 2290 4614 rebus
2364 4534 2621 4644 gestis
2685 4586 2720 4634 ‚
2812 4529 2901 4618 ἃ
2986 4530 3416 4616 miraculis

611 4651 703 4737 S.
745 4652 1093 4739 Coluthi
1155 4652 1504 4738 abunde
1570 4673 1930 4741 testatur
1974 4662 2009 4760 )
2070 4659 2395 4768 quique
2477 4659 2881 4741 omnium
2962 4653 3423 4770 splendore

618 4781 1050 4864 virtutum
1085 4837 1117 4883 ‚
1180 4808 1387 4892 quas
1440 4780 1617 4889 jam
1681 4801 1878 4865 tum
1932 4781 2569 4865 admirabantur
2618 4809 2724 4867 ex
2771 4785 3021 4867 omni
3058 4786 3415 4869 natione

616 4900 987 4988 Aiumni
1024 4964 1052 5006 ‚
1116 4904 1323 4992 dum
1387 4908 1481 4989 in
1540 4903 1654 4990 V.
1695 4904 2075 5021 Collegio
2129 4903 2238 4988 de
2296 4908 2391 4990 P.
2432 4908 2526 4989 F.
2554 4963 2593 5017 ‚-
2616 4905 3099 4992 octodecim
3138 4906 3413 4994 ferme

612 5055 1064 5113 annorum
1115 5032 1544 5115 curriculo
1567 5088 1596 5133 ,
1627 5029 1853 5116 foret
1893 5037 2022 5114 τῶν
2080 5027 2475 5144 αποῤῥῆτων
2500 5026 2980 5144 „cipparius
3014 5027 3225 5116 adeo
3259 5033 3420 5116 cla-

611 5181 658 5239 r
674 5171 1002 5245 esceret
1033 5210 1066 5263 2
1093 5174 1194 5244 ut
1247 5184 1298 5243 a
1347 5157 1940 5251 remotissimis
2011 5182 2360 5273 quoque
2409 5163 2748 5273 populis
2805 5159 3429 5275 celabrareturl'
