4913 6618
1519 563 1830 785 {gssga
1880 655 2185 751 itidem
2213 716 2243 768 ‚
2274 685 2547 776 eaque
2594 659 3134 749 ornatissima
3184 673 3400 776 opus
3461 672 3685 747 esset
3750 658 4153 747 oratione
4187 717 4221 766 ‚
4275 662 4353 749 si

1523 793 2010 878 Urbaniani
2066 788 2425 907 Collegii
2484 789 3121 876 praefecturam
3165 785 3423 873 modo
3455 805 3867 901 agentem
3914 845 3943 888 ‚
3976 817 4158 873 non
4194 816 4358 899 pro

1528 914 1955 1035 dignitate
1987 976 2018 1024 ,
2052 942 2233 1031 quo
2293 914 2402 1001 de
2461 932 2681 1001 esset
2741 911 3381 1028 desperandum
3417 972 3448 1016 ‚
3475 916 3704 1000 bene
3742 941 3950 998 vero
3982 913 4113 995 ἀνὰ
4149 909 4352 1025 μέρος

1532 1044 1995 1157 ὅγκομιαζειν
2038 1100 2070 1149 ,
2134 1044 2772 1157 nobismetipsis
2829 1037 3546 1127 demendaremus
3585 1096 3607 1121 .
3691 1040 3770 1124 Is
3831 1058 3957 1122 est
4019 1041 4281 1123 Ei'nus
4317 1098 4354 1146 ,

1530 1171 2207 1284 sapientissimus
2267 1227 2299 1272 ‚
2356 1173 2965 1282 piissimusque
3044 1166 3534 1280 Hyacintus
3604 1163 3860 1252 Card.
3920 1162 4352 1253 Gerdilius

1529 1293 1901 1380 Sanctae
1935 1295 2049 1379 R.
2082 1296 2179 1381 E.
2217 1292 2813 1380 turbidissimis
2848 1295 3080 1378 hisce
3114 1293 3643 1402 temporibus
3689 1290 4043 1408 σύμφορος
4078 1290 4294 1379 adeo
4317 1313 4388 1403 ‚·

1529 1440 1631 1507 ut
1668 1418 1808 1526 'de
1854 1421 2122 1507 hocce
2191 1447 2432 1522 uno,
2468 1423 2802 1505 etiamsi
2855 1420 2997 1503 alii
3031 1416 3317 1530 ,quod
3371 1444 3463 1501 se
3519 1418 3759 1501 aliter
3812 1418 4074 1501 habet
4106 1477 4135 1520 ‚
4195 1418 4349 1506 de.

1530 1543 2118 1632 siderarentur
2143 1604 2172 1649 ,
2204 1541 2515 1662 gaudio
2574 1562 2861 1656 posset
2924 1546 3252 1628 exsilire
3289 1602 3311 1627 .
3372 1538 3696 1628 Adeste
3748 1569 3898 1629 vos
3947 1547 4352 1662 morigeri

1527 1675 2190 1788 probissimique
2238 1672 2719 1755 Urbaniani
2766 1669 3131 1757 Alumni
3160 1731 3189 1774 ‚
3212 1668 3299 1757 ἃ
3329 1688 3530 1755 vota
3566 1728 3596 1772 ‚
3631 1695 3873 1755 curas
3911 1726 3939 1771 ,
3973 1698 4354 1787 pragma·

1529 1816 1620 1883 ta
1685 1804 1949 1885 vestri
2004 1806 2091 1880 τῦ
2157 1798 2528 1889 ’ἕσις-ἁτε
2595 1824 2753 1909 pro
2816 1798 3055 1885 vobis
3105 1797 3580 1911 Religionis
3635 1797 3871 1880 bono
3900 1795 4350 1907 aptandis,-
4398 1893 4407 1901 ,

1530 1921 2239 2035 devovendisque
2300 1919 2771 2007 effundite.
2810 1921 3057 2007 Alius
3111 1921 3497 2035 profecto
3550 1939 3935 2009 vestrum
3962 1925 4123 2007 alia
4150 1953 4350 2038 pan·

1531 2047 1779 2136 deret
1807 2110 1836 2153 ‚
1870 2075 2143 2163 eaque
2185 2052 2486 2134 omnia
2520 2068 2675 2151 ‚ut
2731 2046 3455 2161 prudentissima,
3481 2049 3598 2133 ita
3656 2048 4049 2161 perutilia
4082 2106 4108 2132 .
4178 2048 4350 2137 Sed

1530 2202 2134 2288 quaecumque
2191 2171 2549 2259 tandem
2602 2174 3167 2288 praedicaturi
3230 2176 3526 2259 essetis
3582 2233 3612 2279 ‚
3674 2191 3777 2259 ut
3844 2202 4105 2261 nemo
4152 2203 4348 2264 non

1535 2299 1776 2388 videt
1807 2360 1838 2408 ,
1871 2305 1964 2385 in
2025 2304 2386 2418 gloriam
2442 2305 2986 2411 potissimum
3040 2326 3490 2414 supremae
3556 2329 3716 2412 pro
3782 2300 4166 2418 Collegio
4213 2331 4347 2392 ve·

1532 2445 1715 2514 stro
1761 2425 2352 2514 sollicitudinis
2382 2420 2899 2536 T4vpid'onoc
2930 2427 3071 2511 1³11
3097 2425 3477 2514 PAPAE
3530 2425 3673 2511 Vl.
3715 2483 3747 2529 ‚
3791 2423 4194 2513 videlicet
4246 2434 4345 2518 in

1540 2578 1928 2639 caussam
1960 2556 2118 2639 sub
2152 2554 2394 2638 coelo
2451 2558 2823 2665 primam
2886 2548 3471 2639 redundarent
3505 2609 3531 2635 .
3565 2551 3696 2638 Te
3749 2551 4107 2639 demum
4139 2554 4349 2642 Eme

1530 2677 1952 2792 Princeps
2007 2680 2453 2794 Hyacinte
2498 2681 2833 2792 appello
2887 2740 2918 2788 ,
2982 2678 3071 2767 ἃ
3136 2675 3549 2794 adprecor
3582 2737 3612 2782 ,
3644 2697 3743 2765 ut
3790 2681 4017 2763 sinas
4048 2709 4347 2769 meex

1532 2805 1916 2919 pluribus
1976 2802 2432 2924 Aegyptiis
2482 2803 3156 2919 Apospasmatiis
3212 2835 3262 2891 a
3313 2802 3683 2922 Georgio
3712 2826 4012 2890 nostro
4039 2804 4288 2893 editis
4316 2865 4348 2918 ,

1525 2929 1615 3017 81
1678 2931 2112 3016 illustratis
2153 2962 2184 3034 ς
2250 2932 2535 3042 aliqua
2587 2941 3027 3036 mutuari,
3063 2932 3641 3043 Alumnisque
3703 2931 3878 3017 Tui
3935 2939 4344 3051 Πςος-ιτοίᾳ,

1533 3058 1969 3142 submissis
1996 3114 2027 3164 ,
2053 3083 2230 3170 quo
2279 3061 2376 3142 in
2440 3054 2830 3169 Copticis
2888 3053 3374 3146 excolendis
3437 3057 3739 3141 litteris
3819 3056 4168 3142 subsidii
4214 3061 4344 3147 ha·

1531 3182 1802 3266 beant
1866 3185 2310 3294 specimen
2363 3238 2395 3285 ‚
2440 3178 2872 3269 devovere
2908 3244 2932 3268 .
2967 3186 3592 3300 Fragmentum
3640 3186 4027 3296 primum
4075 3185 4343 3273 Evan-

1529 3309 1729 3426 gelii
1787 3304 2274 3394 secundum
2329 3306 2664 3393 Lucam
2719 3307 3165 3396 exordium
3229 3304 3558 3395 ducens
3634 3338 3685 3393 a
3760 3336 3990 3397 vers.
4046 3338 4200 3425 29.
4257 3311 4345 3401 ἃ

1534 3460 1814 3546 usque
1900 3432 2009 3519 ad
2073 3435 2223 3550 38.
2284 3452 2799 3548 protensum
2853 3495 2884 3543 ,
2971 3432 3202 3549 apud
3286 3432 3759 3552 Georgium
3852 3454 4179 3550 prostat
4242 3443 4339 3526 in

1524 3558 1820 3675 Opere
1864 3561 1973 3645 cle
2034 3556 2495 3644 Miraculis
2556 3559 3007 3647 §acoluthi
3036 3560 3215 3652 &a
3254 3589 3447 3679 pag.
3484 3588 3597 3678 32
3617 3594 3699 3678 7.
3746 3558 3836 3648 ἃ
3880 3588 4059 3674 seq.
4096 3563 4342 3683 Frag-

1530 3705 1946 3772 mentum
2004 3687 2369 3770 alterum
2422 3711 2530 3769 ex
2583 3684 2955 3799 Epistola
3008 3683 3117 3771 ad
3146 3687 3512 3772 Hebrae.
3549 3714 3734 3800 cap.
3758 3704 3879 3771 lx.
3906 3690 4341 3801 incipiens

1519 3838 1572 3895 a
1617 3837 1798 3900 ver.
1830 3829 1926 3896 11.
1961 3867 1991 3918 ,
2023 3808 2112 3897 ἃ
2137 3805 2549 3896 desinens
2582 3837 2805 3899 vers.
2844 3843 2984 3899 10.
3012 3868 3045 3917 ,
3077 3817 3168 3896 in
3202 3812 3587 3922 ejusdem
3613 3815 3890 3926 operis
3922 3818 4339 3931 pp.336.,

1526 3933 1618 4024 81
1681 3965 1865 4049 seq.
1934 3938 2258 4047 poterit
2317 3936 2752 4023 observari
2787 3995 2810 4021 .
2855 3937 3260 4024 Tertium
3288 3998 3318 4045 ‚
3349 3938 3440 4028 ἃ
3503 3958 3908 4052 quartum
3973 3934 4210 4026 dedit
4240 3945 4336 4028 in

1525 4058 1819 4174 Opere
1850 4092 1876 4144 ε
1911 4061 2538 4180 Fragmentum
2574 4063 3038 4183 Evangelii
3083 4064 3175 4149 8.
3187 4066 3616 4174 johannis
3652 4062 4336 4180 Graeco-Copto·

1528 4188 2055 4273 Thebaicum
2117 4184 2293 4276 &c-
2350 4214 2401 4270 a
2453 4215 2650 4305 pag.
2685 4191 2898 4297 248.
2951 4217 3226 4302 usque
3282 4189 3392 4275 ad
3431 4220 3578 4305 p.2
3597 4193 3749 4276 62.
3802 4191 4162 4276 Initium
4190 4191 4339 4279 ha·-

1520 4312 1671 4399 bct
1728 4314 2084 4399 tertium
2130 4341 2181 4399 a
2226 4338 2444 4401 vers.
2469 4331 2533 4396 1.
2594 4313 2807 4428 Cap.
2836 4332 2992 4405 v11.
3021 4315 3159 4422 ,ἃ
3199 4316 3472 4403 finem
3498 4342 3879 4431 vers42.
3905 4319 4337 4430 Quartum

1520 4464 1575 4524 e
1627 4436 1847 4554 Cap.
1885 4456 2077 4527 v111.
2139 4441 2360 4552 petit
2409 4436 2855 4525 exordium
2898 4470 2949 4526 a
3007 4474 3093 4530 v.
3140 4470 3281 4526 12.
3320 4501 3351 4549 ,
3406 4441 3496 4530 ἃ
3549 4446 3646 4528 in
3709 4470 3861 4557 23.
3929 4445 4329 4556 explicit.

1518 4562 1902 4650 Psalmus
1949 4559 2280 4649 accedit
2337 4581 2640 4652 vam.
2689 4563 3107 4652 trifariam
3152 4587 3539 4653 exaratus
3596 4596 3804 4654 cum
3834 4571 4101 4655 latina
4124 4568 4333 4657 Vul-

1519 4706 1764 4808 gatae
1821 4690 2200 4774 lectione
2236 4742 2262 4768 .
2284 4687 2744 4803 Copticam
2787 4689 2972 4801 ejus
3027 4692 3531 4779 versionem
3563 4692 4006 4807 descripsit
4069 4691 4334 4782 Geor-

1516 4818 1705 4934 gius
1741 4870 1774 4920 ,
1803 4815 1954 4899 ubi
1999 4811 2111 4899 de
2164 4812 2591 4930 Reliquiis
2647 4835 3039 4904 actorum
3104 4817 3190 4903 S.
3252 4818 3386 4904 Μ.
3444 4817 3533 4904 ἃ
3590 4820 3764 4905 Ab.
3831 4821 4269 4911 Panesniv
4301 4881 4328 4909 .

1516 4968 1710 5060 pag.
1750 4969 1972 5060 330.
2012 4997 2047 5046 ,
2074 4937 2163 5026 81
2217 4966 2390 5054 seq.
2452 4941 2723 5030 Hunc
2782 4946 3166 5057 quisquis
3218 4945 3606 5060 Copticis
3672 4947 3977 5031 litteris
4032 4948 4332 5034 initia·-

1513 5084 1658 5150 tus
1690 5064 1934 5151 adeat
1965 5122 1998 5171 ,
2029 5091 2135 5151 ex
2156 5061 2663 5152 doctissimis
2690 5068 2873 5179 ejus
2901 5074 3605 5183 εαγοςίτίοηίὸιιε,
3623 5069 4274 5162 &aduocationi
4294 5124 4336 5150 ο

1508 5192 1672 5279 bus
1696 5218 2118 5311 magnum
2140 5189 2249 5280 ad
2270 5193 2693 5308 majorem
2725 5222 3273 5316 progressum
3295 5196 3634 5287 habebit
3663 5194 4267 5310 adjumentum
4295 5256 4327 5289 .

4504 1180 4549 1206 'C
