4913 6618
1468 643 1501 695 1
1585 613 1646 696 8

1451 645 1694 824 n17³lla
1749 752 2036 852 potest
2091 757 2278 818 esse
2328 733 2603 817 nimia
2656 728 3102 850 diligentia
3132 790 3169 838 ‚
3224 729 3314 822 ἃ
3370 726 3739 820 Codices
3785 743 4273 836 manuscri-

1454 867 1582 977 pti
1641 864 2128 976 complures
2165 920 2194 965 ‚
2253 857 2348 947 ἃ
2388 862 2897 945 vetustiores
2926 857 3267 944 Summi
3301 859 3756 969 pontificis,
3782 862 4017 971 jussu
4050 889 4271 948 con-

1454 993 1745 1100 quisiti
1785 1050 1816 1094 ‚
1874 1008 2137 1100 atque
2193 990 2285 1070 in
2344 985 2671 1071 Urbem
2714 983 3057 1074 advecti
3104 1003 3351 1070 erant
3388 1018 3423 1089 ;
3484 987 3591 1074 Et
3653 993 4010 1075 demum
4047 1016 4269 1102 quo·

1457 1119 1704 1201 niam
1756 1109 2155 1202 executio
2216 1109 2775 1198 Generalium
2832 1111 3495 1216 conciliorum,
3551 1114 3639 1204 ἃ
3721 1121 3897 1228 ipsa
3980 1116 4297 1229 Scrip-.

1452 1257 1846 1327 turarum
1886 1244 2385 1358 integritaS,
2447 1265 2547 1324 ac
2612 1243 2944 1352 puritas
2997 1235 3112 1323 ad
3144 1251 3481 1326 ¹'curam
3529 1240 4078 1354 Apostolicae
4109 1239 4271 1327 Se-

1459 1365 1592 1452 dis
1653 1372 2194 1481 potissimum
2227 1368 2672 1477 pertinere
2708 1371 3261 1482 cognoscitur
3286 1397 3315 1449 2
3382 1362 3585 1452 ideo
3618 1367 3831 1452 Pius
3849 1367 3993 1452 lV.
4030 1368 4299 1454 Pon-.

1459 1493 1676 1578 tifex
1712 1495 2142 1577 Maximus
2210 1547 2239 1593 ‚
2305 1518 2470 1602 pro
2526 1517 2683 1576 sua
2743 1496 2842 1576 in
2914 1518 3227 1577 omnes
3284 1489 3719 1579 Ecclesiae
3778 1510 4060 1608 partes
4123 1498 4273 1577 in·-

1457 1618 1844 1704 credibili
1902 1618 2340 1735 vigilantia
2373 1671 2407 1718 ‚
2470 1615 2953 1704 lectissimis
2990 1618 3323 1731 aliquot
3398 1617 3767 1706 Sanctae
3813 1620 4277 1705 Romanae

1457 1746 1881 1830 Ecclesiae
1936 1741 2532 1829 Cardinalibus
2566 1799 2598 1847 ,
2658 1744 3017 1854 aliisque
3074 1764 3273 1829 tum
3308 1744 3761 1832 Sacramm
3793 1749 4281 1832 litterarum

1458 1887 1654 1957 tum
1703 1877 2131 1957 variarum
2179 1870 2671 1985 linguarum
2725 1871 3262 1980 peritissimis
3301 1874 3505 1956 viris
3540 1930 3577 1976 ,
3637 1902 3828 1957 eam
3890 1875 4261 1986 provin-

1456 2001 1688 2083 ciam
1744 1992 2302 2080 demandavit
2329 2050 2361 2096 ,
2421 2012 2530 2078 ut
2588 1994 3018 2110 vulgatam
3078 1992 3571 2081 Editionem
3599 2000 4017 2083 Latinam
4060 2057 4088 2100 ‚
4123 1993 4283 2082 ad-

1458 2120 1746 2207 hibitis
1787 2122 2406 2233 antiquissimis
2447 2115 2913 2205 codicibus
2943 2117 3141 2202 MS.
3181 2177 3212 2220 ‚
3244 2124 3657 2233 inspectis
3705 2150 4060 2234 quoque
4091 2121 4275 2205 He-

1461 2249 1772 2334 braicis
1802 2308 1838 2352 ‚
1892 2245 2417 2355 Graecisque
2466 2244 3395 2329 Bibliorum-‘fontibus
3436 2305 3473 2351 ,
3532 2247 3947 2331 consultis
4039 2245 4287 2329 deni·

1461 2401 1640 2485 que
1698 2394 2093 2464 veterum
2152 2376 2508 2457 patrum
2559 2374 3209 2457 commentariis
3234 2427 3270 2473 ,
3327 2375 3966 2457 accuratissime
4029 2371 4281 2457 casti·

1461 2520 1771 2616 garent
1807 2560 1834 2583 .
1896 2497 2153 2612 Quod
2215 2496 2520 2583 itidem
2585 2499 3087 2582 institutum
3137 2498 3335 2580 Pius
3386 2496 3505 2582 V.
3561 2515 4067 2610 prosecutus
4096 2513 4289 2582 est.

1462 2623 1796 2711 Verum
1858 2623 2430 2712 Conventum
2493 2624 2737 2709 illum
2774 2678 2805 2727 ‚
2867 2625 2981 2707 ob
3041 2628 3314 2709 varias
3373 2629 4082 2741 gravissimasque
4139 2621 4283 2711 Se·

1461 2747 1596 2835 dis
1680 2750 2226 2864 Apostolicae
2316 2753 2927 2861 occupationes
3022 2745 3535 2859 jamdudum
3591 2754 4193 2836 intermissum
4246 2803 4287 2853 ,

1459 2874 1746 2962 Sixtus
1808 2875 1921 2961 V.
1984 2875 2281 2961 divina
2336 2871 2892 2989 providentia
2978 2870 3092 2957 ad
3178 2899 3628 2961 summum
3682 2874 4277 2968 Sacerdotium

1460 3024 1868 3092 evocatus
1907 3062 1938 3107 ‚
1998 3000 2600 3086 ardentissimo
2627 2997 2914 3086 studio
2961 3002 3408 3088 revocavit
3435 3058 3472 3104 ,
3526 3000 3621 3089 δι
3680 3028 3897 3114 opus
3918 2997 4285 3087 tandem

1462 3129 1976 3216 confectum
2033 3132 2270 3240 typis
2319 3122 2713 3211 mandari
2759 3129 3007 3238 jussit
3071 3184 3100 3208 .
3185 3123 3445 3238 Quod
3521 3153 3730 3211 cum
3816 3129 4000 3238 jam
4060 3141 4290 3214 esset

1463 3281 1880 3343 excusum
1916 3314 1948 3360 ‚
2004 3251 2093 3341 ἃ
2143 3273 2244 3340 ut
2291 3257 2392 3338 in
2433 3252 2724 3340 lucem
2776 3256 3321 3341 emitteretur
3371 3249 3608 3339 idem
3653 3252 4064 3344 Pontifex
4092 3277 4289 3366 open

1466 3410 1656 3467 ram
1724 3382 1966 3467 daret
2022 3440 2056 3484 ,
2114 3377 2823 3466 animadvertens
2896 3406 3086 3463 non
3150 3404 3428 3491 pauca
3489 3383 3584 3466 in
3679 3408 3919 3469 sacra
4008 3380 4291 3466 Biblia

1466 3510 1736 3620 praeli
1797 3510 2014 3594 vitio
2067 3510 2509 3618 irrepsisse
2581 3567 2612 3612 ‚
2705 3533 2929 3620 quae
2980 3509 3283 3590 iterata
3367 3504 3813 3624 diligentia
3884 3505 4285 3624 indigere

1469 3631 1982 3720 viderentur
2013 3689 2044 3736 ‚
2105 3652 2395 3718 totum
2450 3659 2671 3744 opus
2738 3635 2899 3718 sub
2948 3628 3372 3719 incudem
3432 3631 4031 3720 revocandum
4083 3658 4298 3721 cen·

1470 3765 1642 3846 suit
1678 3819 1709 3864 ‚
1767 3781 2034 3873 atque
2085 3758 2474 3845 decrevit
2525 3816 2553 3842 .
2647 3758 2751 3844 Id
2802 3785 3016 3848 vero
3096 3783 3311 3844 cum
3399 3779 3686 3846 morte
3759 3776 4295 3873 praeventus

1468 3909 1901 3999 praestare
1951 3916 2135 3971 non
2198 3887 2615 3997 potuisset
2643 3945 2673 3990 ‚
2733 3883 3197 4000 Gregorius
3247 3885 3473 3972 XIV.
3523 3888 3680 3998 qui
3765 3906 3966 3999 post
4017 3885 4297 3969 Urba·

1472 4017 1575 4095 ni
1627 4012 1813 4096 VH.
1903 4010 2363 4096 duodecim
2445 4006 2789 4096 dierum
2877 4009 3503 4098 Pontificatum
3571 4011 3817 4096 Sixto
3874 4035 4303 4100 successe·

1472 4155 1661 4244 rat,
1723 4138 1914 4248 ejus
1973 4139 2248 4222 animi
2313 4138 2914 4224 intentionem
2974 4156 3381 4223 executus
3412 4197 3443 4242 ‚
3505 4136 3925 4250 perficere
3976 4161 4297 4256 aggres-

1474 4291 1619 4349 sus
1676 4283 1869 4366 est;
1933 4263 2475 4377 amplissimis
2571 4267 2904 4378 aliquot
2971 4261 3570 4350 cardinalibus
3626 4321 3657 4370 ‚
3740 4266 4097 4378 aliisque
4156 4258 4302 4348 do·

1469 4394 1875 4476 ctissimis
1930 4394 2136 4479 viris
2188 4386 2300 4476 ad
2354 4389 2518 4478 hoc
2591 4396 2918 4478 iterum
2972 4388 3399 4504 deputatis
3451 4451 3478 4475 .
3545 4387 3713 4476 Sed
3774 4419 3883 4478 eo
3941 4414 4298 4505 qnoque

1470 4514 1564 4603 δι
1607 4520 1761 4629 qui
1811 4518 1932 4600 illi
1997 4520 2405 4602 successit
2425 4518 2954 4604 InnocentIo
2982 4517 3131 4601 lx.
3186 4519 3691 4631 brevissimo
3740 4538 4146 4633 tempore
4190 4514 4301 4604 de

1473 4642 1631 4729 hac
1711 4644 1907 4730 luce
1991 4647 2438 4729 subtractis
2504 4675 2534 4747 ;
2638 4642 3000 4730 tandem
3063 4646 3224 4728 sub
3305 4649 3662 4731 initium
3715 4644 4279 4736 pontificatus

1475 4765 1966 4855 Clementis
2019 4768 2216 4855 VIII
2248 4827 2279 4873 ,
2314 4828 2339 4852 .
2379 4825 2404 4854 .
2443 4825 2471 4851 .
2497 4826 2525 4854 .
2570 4796 2790 4885 opus
2885 4775 2980 4854 in
3084 4768 3323 4883 quod
3383 4772 3668 4885 Sixtus
3709 4774 3827 4860 V.
3891 4774 4299 4863 intende·

1476 4912 1611 4980 rat
1646 4954 1675 4999 ‚
1734 4897 1927 4981 Deo
1980 4897 2209 4983 bene
2269 4895 2634 5005 juvante
2719 4896 3211 5012 perfectum
3299 4916 3431 4986 est
3495 4956 3521 4979 .
3606 4896 3940 5015 Accipe
4026 4906 4292 5019 igitur

1478 5022 2020 5111 Christianae
2075 5024 2346 5112 lector
2378 5080 2401 5105 .
2445 5081 2469 5106 .
2503 5082 2529 5105 .
2566 5041 2951 5118 veterem
2993 5053 3093 5116 ac
3161 5021 3622 5146 Vulgatam
3704 5053 3995 5121 sacrae
4057 5027 4294 5115 Scri.

4088 5173 4291 5267 ptu-
