4913 6618
648 705 879 826 ginis
909 767 938 816 9
970 707 1110 797 vel
1167 705 1494 795 Textus
1562 732 1732 797 vox
1777 710 1891 792 sit
1947 698 2498 818 adprobanda
2551 763 2576 794 .
2640 707 2915 798 Notas
2979 708 3181 792 istas
3244 608 3478 791 ἆίἔέ-
3602 779 3605 783 ,

651 857 873 920 runt
934 836 1141 920 Keri
1173 893 1206 941 9
1236 833 1325 922 ἃ
1372 835 1630 920 Ketib
1665 893 1689 918 .
1757 832 1844 920 A
1904 828 2188 920 radice
2255 849 2407 945 ⁸⁸22
2468 834 2722 956 Legit
2758 896 2787 943 9
2820 838 3027 920 Keri
3072 827 3310 916 idem
3338 847 3472 919 est

653 1008 758 1055 an
804 985 1125 1055 lectum
1164 1046 1186 1055 -
1250 988 1508 1055 Her-ih
1568 1016 1613 1055 ει
1679 983 1965 1055 radic-p
2019 999 2179 1055 :1¹03
2241 987 2665 1055 demine-,ar
2720 985 3157 1055 Rerintnm
3199 1045 3222 1055 -
3258 981 3467 1055 Obi-

655 2893 909 2974 nobis
976 2890 1294 2977 arridet
1331 2955 1354 2977 .
1393 2897 1652 2980 'Sunt
1698 2896 1995 3013 Judaei
2029 2959 2061 3007 9
2090 2881 2405 3014 inquit'
2435 2934 2626 3018 cap.
2668 2925 2727 2986 1}

653 3013 743 3101 ἃ
795 3020 1026 3102 viros
1075 3017 1577 3138 Synagogae
1628 3050 1993 3141 magnae
2022 3085 2055 3133 9
2080 3039 2300 3140 ‘quos
2348 3029 2727 3114 ultimis]

653 3161 1002 3226 merant
1037 3201 1065 3246 9
1099 3163 1485 3230 auctores
1552 3149 1983 3236 Massorae
2043 3152 2381 3238 faciunt
2418 3188 2441 3237 :
2483 3156 2622 3238 alii
2673 3189 2727 3245 v

654 3269 782 3352 cis
846 3270 1487 3357 Tiberiensibus
1542 3274 1906 3393 gloriam
1963 3279 2216 3390 hujus
2270 3284 2727 3391 tribuunt9

604 3500 606 3503 y
653 3393 1106 3479 Tiberiade
1157 3395 1388 3481 Urbe
1420 3455 1452 3502 9
1518 3401 1755 3508 juxta
1807 3403 2095 3491 lacum
2153 3409 2686 3494 Genesareth

652 3518 976 3603 litteras
1065 3521 1538 3606 Hebraicas
1667 3530 1896 3609 circa
2005 3559 2347 3620 annum
2466 3535 2727 3621 Chrisl

654 3662 786 3727 est
856 3661 1104 3726 notas
1169 3646 1760 3733 Massoreticas
1829 3676 1996 3736 nec
2067 3660 2321 3739 simul
2369 3716 2398 3758 9
2460 3688 2627 3744 nec
2688 3665 2792 3745 ab
2857 3691 3043 3746 uno
3117 3669 3470 3749 auctore

649 3765 911 3851 fuisse
977 3766 1490 3890 adinventas
1523 3830 1556 3878 9
1587 3770 1734 3856 secl
1786 3802 1944 3886 per
1999 3783 2249 3863 varia·
2285 3785 2616 3867 saecula
2666 3811 2716 3868 a
2767 3783 3119 3872 diversis
3176 3807 3471 3876 aucto-

651 3895 886 3975 ribus
945 3900 1447 4005 compilatas
1485 3957 1507 3980 .
1571 3896 1772 3981 Non
1867 3895 2167 3987 dubito
2233 3909 2495 3992 etiam
2564 3908 2883 4018 aliquas
2949 3919 3470 4012 constitutas

649 4018 914 4103 fuisse
970 4019 1228 4136 longe
1290 4040 1496 4105 ante
1541 4041 1884 4137 tempus
1933 4024 2717 4117 Grammaticorum
2768 4037 3424 4143 Tiberiensium
3473 4068 3483 4079 ·

650 4170 860 4231 cum
928 4143 1347 4266 Pharisaei
1382 4206 1414 4250 9
1467 4146 1556 4234 81
1613 4150 1752 4231 alii
1807 4150 2105 4265 Judaei
2170 4160 2400 4241 circa
2467 4163 2885 4253 corticem
2949 4165 3157 4294 legis
3224 4119 3531 4270 occu}

650 4274 833 4384 pati
893 4272 1434 4399 negligerent
1490 4301 1797 4360 verum
1886 4280 2070 4389 ejus
2143 4308 2504 4366 sensum
2539 4342 2562 4366 .
2628 4344 2696 4394 99
2758 4290 3193 4396 Massorae
3249 4310 3483 4423 apud

643 4418 1003 4538 Judaeos
1066 4424 1325 4540 longe
1379 4446 1748 4538 praestat
1812 4427 2122 4517 Cabala
2156 4490 2187 4535 9
2221 4462 2439 4544 quae
2499 4436 2826 4533 dicitur
2879 4482 2928 4538 a
2981 4454 3268 4546 radice
3327 4443 3481 4565 ¹73?

653 4571 1022 4684 Accepit
1058 4627 1084 4653 .
1112 4574 1260 4657 ma
1298 4634 1327 4676 9
1365 4578 1790 4689 inquiunt
1825 4638 1856 4683 9
1890 4584 1986 4665 in
2023 4588 2350 4673 cortice
2406 4587 2739 4682 'litterae
2780 4625 3171 4693 versatur
3202 4668 3233 4713 9
3262 4605 3476 4705 haec

651 4701 883 4783 circa
942 4696 1381 4809 profunda
1437 4705 1645 4820 legis
1696 4716 2110 4822 mysteria
2142 4772 2175 4818 9
2213 4745 2434 4829 quae
2503 4752 2607 4807 ex
2672 4731 2952 4816 verbis
3009 4792 3043 4838 9
3100 4735 3405 4825 litteris
3440 4804 3475 4852 9

653 4826 1116 4931 punctisve
1151 4822 1789 4937 depromuntur
1824 4893 1847 4916 .
1879 4838 2226 4933 Praeter
2256 4846 2536 4962 legem
2569 4858 2976 4966 scriptam
3010 4918 3040 4961 9
3073 4858 3408 4950 addunt
3439 4926 3474 4976 9

652 4950 1126 5058 symbolica
1160 5010 1193 5054 9
1229 4951 1317 5037 ἅ
1361 4960 1729 5069 mystica
1774 4960 2135 5051 Cabalae
2184 4967 2580 5062 doctrina
2636 5009 2686 5062 a
2753 4978 3004 5067 Mose
3063 5008 3474 5079 oretenus

650 5067 830 5164 fuit
890 5073 1200 5171 tradita
1231 5136 1267 5191 9
1297 5097 1562 5196 atque
1611 5082 1721 5173 ad
1766 5087 2124 5180 Esdram
2178 5124 2454 5215 usque
2474 5159 2510 5214 2
2539 5104 2627 5198 ἃ
2672 5105 3033 5198 Cabalae
3083 5135 3472 5327 ffictores

3052 5267 3099 5328 e
3213 5266 3359 5330 em
