<?xml version="1.0" encoding="UTF-8"?>
<!DOCTYPE html PUBLIC "-//W3C//DTD XHTML 1.0 Transitional//EN"
    "http://www.w3.org/TR/xhtml1/DTD/xhtml1-transitional.dtd">
<html xmlns="http://www.w3.org/1999/xhtml" xml:lang="en" lang="en">
 <head>
  <title>
</title>
<meta http-equiv="Content-Type" content="text/html;charset=utf-8" />
  <meta name='ocr-system' content='tesseract 3.04.00' />
  <meta name='ocr-capabilities' content='ocr_page ocr_carea ocr_par ocr_line ocrx_word'/>
</head>
<body>
  <div class='ocr_page' id='page_1' title='image "./deagiographiapr00caragoog_0076.png"; bbox 0 0 4913 6618; ppageno 0'>
   <div class='ocr_carea' id='block_1_1' title="bbox 1474 632 4296 2495">
    <p class='ocr_par' dir='ltr' id='par_1_1' title="bbox 1474 632 4296 2495">
     <span class='ocr_line' id='line_1_1' title="bbox 1489 632 4292 765; baseline 0.003 -37"><span class='ocrx_word' id='word_1_1' title='bbox 1489 636 1745 757; x_wconf 84' lang='lat' dir='ltr'><strong>Quod</strong></span> <span class='ocrx_word' id='word_1_2' title='bbox 1811 667 2023 734; x_wconf 89' lang='lat' dir='ltr'><strong>vero</strong></span> <span class='ocrx_word' id='word_1_3' title='bbox 2068 639 2297 765; x_wconf 84' lang='lat' dir='ltr'><strong>frugi</strong></span> <span class='ocrx_word' id='word_1_4' title='bbox 2368 641 2843 761; x_wconf 83' lang='lat' dir='ltr'><strong>Theologos</strong></span> <span class='ocrx_word' id='word_1_5' title='bbox 2931 632 3039 726; x_wconf 81' lang='lat' dir='ltr'><strong>ad</strong></span> <span class='ocrx_word' id='word_1_6' title='bbox 3118 640 3609 760; x_wconf 76' lang='lat' dir='ltr'><strong>linguarum</strong></span> <span class='ocrx_word' id='word_1_7' title='bbox 3670 638 4292 759; x_wconf 73' lang='lat' dir='ltr'><strong>assequendam</strong></span> 
     </span>
     <span class='ocr_line' id='line_1_2' title="bbox 1480 769 4294 891; baseline 0.003 -36"><span class='ocrx_word' id='word_1_8' title='bbox 1480 775 1882 883; x_wconf 84' lang='lat' dir='ltr'><strong>peritiam</strong></span> <span class='ocrx_word' id='word_1_9' title='bbox 1919 828 1949 876; x_wconf 88' lang='lat'>‚</span> <span class='ocrx_word' id='word_1_10' title='bbox 2009 773 2147 860; x_wconf 90' lang='lat' dir='ltr'><strong>vel</strong></span> <span class='ocrx_word' id='word_1_11' title='bbox 2203 776 2579 858; x_wconf 80' lang='lat' dir='ltr'><strong>maxime</strong></span> <span class='ocrx_word' id='word_1_12' title='bbox 2636 769 2893 856; x_wconf 87' lang='lat' dir='ltr'><strong>debet</strong></span> <span class='ocrx_word' id='word_1_13' title='bbox 2965 795 3520 857; x_wconf 89' lang='lat' dir='ltr'><strong>commovere</strong></span> <span class='ocrx_word' id='word_1_14' title='bbox 3569 827 3599 875; x_wconf 88' lang='lat'>‚</span> <span class='ocrx_word' id='word_1_15' title='bbox 3671 770 4079 891; x_wconf 82' lang='lat' dir='ltr'><strong>Vulgatae</strong></span> <span class='ocrx_word' id='word_1_16' title='bbox 4162 795 4294 864; x_wconf 91' lang='lat' dir='ltr'><strong>est</strong></span> 
     </span>
     <span class='ocr_line' id='line_1_3' title="bbox 1483 893 4296 1012; baseline 0 -32"><span class='ocrx_word' id='word_1_17' title='bbox 1483 918 1795 981; x_wconf 88' lang='lat' dir='ltr'><strong>contra</strong></span> <span class='ocrx_word' id='word_1_18' title='bbox 1858 902 2375 1012; x_wconf 83' lang='lat' dir='ltr'><strong>pravitatem</strong></span> <span class='ocrx_word' id='word_1_19' title='bbox 2438 898 3095 982; x_wconf 87' lang='lat' dir='ltr'><strong>Haereticorum</strong></span> <span class='ocrx_word' id='word_1_20' title='bbox 3131 954 3159 996; x_wconf 82' lang='lat'>,</span> <span class='ocrx_word' id='word_1_21' title='bbox 3223 893 3596 981; x_wconf 90' lang='lat' dir='ltr'><strong>eandem</strong></span> <span class='ocrx_word' id='word_1_22' title='bbox 3662 905 4099 1012; x_wconf 88' lang='lat' dir='ltr'><strong>perpetuis</strong></span> <span class='ocrx_word' id='word_1_23' title='bbox 4168 926 4296 982; x_wconf 85' lang='lat' dir='ltr'><strong>as-</strong></span> 
     </span>
     <span class='ocr_line' id='line_1_4' title="bbox 1485 1018 4296 1137; baseline 0.003 -32"><span class='ocrx_word' id='word_1_24' title='bbox 1485 1025 1844 1108; x_wconf 86' lang='lat' dir='ltr'><strong>sultibus</strong></span> <span class='ocrx_word' id='word_1_25' title='bbox 1898 1028 2522 1137; x_wconf 90' lang='lat' dir='ltr'><strong>impetentium</strong></span> <span class='ocrx_word' id='word_1_26' title='bbox 2559 1081 2589 1128; x_wconf 70' lang='lat'>9</span> <span class='ocrx_word' id='word_1_27' title='bbox 2652 1021 2913 1107; x_wconf 89' lang='lat' dir='ltr'><strong>solida</strong></span> <span class='ocrx_word' id='word_1_28' title='bbox 2974 1022 3410 1130; x_wconf 83' lang='lat' dir='ltr'><strong>virilisque</strong></span> <span class='ocrx_word' id='word_1_29' title='bbox 3445 1018 3834 1109; x_wconf 87' lang='lat' dir='ltr'><strong>defensio</strong></span> <span class='ocrx_word' id='word_1_30' title='bbox 3871 1087 3893 1110; x_wconf 91' lang='lat'><strong>.</strong></span> <span class='ocrx_word' id='word_1_31' title='bbox 3960 1025 4105 1112; x_wconf 87' lang='lat' dir='ltr'><strong>Ad</strong></span> <span class='ocrx_word' id='word_1_32' title='bbox 4128 1028 4296 1113; x_wconf 88' lang='lat' dir='ltr'><strong>hoc</strong></span> 
     </span>
     <span class='ocr_line' id='line_1_5' title="bbox 1484 1147 4291 1262; baseline 0.002 -31"><span class='ocrx_word' id='word_1_33' title='bbox 1484 1149 1779 1261; x_wconf 85' lang='lat' dir='ltr'><strong>inquit</strong></span> <span class='ocrx_word' id='word_1_34' title='bbox 1841 1148 2321 1234; x_wconf 81' lang='lat' dir='ltr'><strong>consodalis</strong></span> <span class='ocrx_word' id='word_1_35' title='bbox 2374 1149 2841 1233; x_wconf 88' lang='lat' dir='ltr'><strong>Casimirus</strong></span> <span class='ocrx_word' id='word_1_36' title='bbox 2899 1147 3252 1262; x_wconf 83' lang='lat' dir='ltr'><strong>Mezger</strong></span> <span class='ocrx_word' id='word_1_37' title='bbox 3283 1149 3375 1227; x_wconf 93' lang='lat' dir='ltr'><strong>in</strong></span> <span class='ocrx_word' id='word_1_38' title='bbox 3415 1151 3828 1259; x_wconf 91' lang='lat' dir='ltr'><strong>opusculo</strong></span> <span class='ocrx_word' id='word_1_39' title='bbox 3868 1210 3898 1257; x_wconf 70' lang='lat'>9</span> <span class='ocrx_word' id='word_1_40' title='bbox 3961 1156 4108 1237; x_wconf 89' lang='lat' dir='ltr'><strong>cui</strong></span> <span class='ocrx_word' id='word_1_41' title='bbox 4171 1155 4291 1236; x_wconf 88' lang='lat' dir='ltr'><strong>ti-</strong></span> 
     </span>
     <span class='ocr_line' id='line_1_6' title="bbox 1480 1273 4293 1395; baseline 0.001 -36"><span class='ocrx_word' id='word_1_42' title='bbox 1480 1276 1764 1359; x_wconf 83' lang='lat' dir='ltr'><strong>tulus:</strong></span> <span class='ocrx_word' id='word_1_43' title='bbox 1831 1276 2125 1360; x_wconf 78' lang='lat' dir='ltr'><strong>Poesis</strong></span> <span class='ocrx_word' id='word_1_44' title='bbox 2178 1277 2604 1360; x_wconf 68' lang='lat' dir='ltr'><strong>Hebraico</strong></span> <span class='ocrx_word' id='word_1_45' title='bbox 2645 1292 3025 1386; x_wconf 72' lang='lat' dir='ltr'><strong>par-mn.</strong></span> <span class='ocrx_word' id='word_1_46' title='bbox 3087 1274 3322 1357; x_wconf 76' lang='lat' dir='ltr'><strong>Edit.</strong></span> <span class='ocrx_word' id='word_1_47' title='bbox 3364 1273 3807 1360; x_wconf 81' lang='lat' dir='ltr'><strong>Romanae</strong></span> <span class='ocrx_word' id='word_1_48' title='bbox 3846 1280 4231 1395; x_wconf 63' lang='lat' dir='ltr'><strong>pay-80.</strong></span> <span class='ocrx_word' id='word_1_49' title='bbox 4259 1335 4293 1385; x_wconf 85' lang='lat'>‚</span> 
     </span>
     <span class='ocr_line' id='line_1_7' title="bbox 1481 1398 4295 1518; baseline 0.002 -36"><span class='ocrx_word' id='word_1_50' title='bbox 1481 1405 1917 1512; x_wconf 87' lang='lat' dir='ltr'><strong>optimum</strong></span> <span class='ocrx_word' id='word_1_51' title='bbox 1981 1398 2466 1484; x_wconf 90' lang='lat' dir='ltr'><strong>remedium</strong></span> <span class='ocrx_word' id='word_1_52' title='bbox 2522 1425 2701 1481; x_wconf 89' lang='lat' dir='ltr'><strong>esse</strong></span> <span class='ocrx_word' id='word_1_53' title='bbox 2786 1404 3192 1483; x_wconf 84' lang='lat' dir='ltr'><strong>notitiam</strong></span> <span class='ocrx_word' id='word_1_54' title='bbox 3248 1403 3888 1509; x_wconf 89' lang='lat' dir='ltr'><strong>primaevarum</strong></span> <span class='ocrx_word' id='word_1_55' title='bbox 3971 1406 4295 1518; x_wconf 82' lang='lat' dir='ltr'><strong>lingua·-</strong></span> 
     </span>
     <span class='ocr_line' id='line_1_8' title="bbox 1478 1522 4289 1643; baseline 0.002 -35"><span class='ocrx_word' id='word_1_56' title='bbox 1478 1553 1678 1612; x_wconf 89' lang='lat' dir='ltr'><strong>rum</strong></span> <span class='ocrx_word' id='word_1_57' title='bbox 1735 1533 1929 1638; x_wconf 88' lang='lat' dir='ltr'><strong>quis</strong></span> <span class='ocrx_word' id='word_1_58' title='bbox 1994 1545 2259 1643; x_wconf 81' lang='lat' dir='ltr'><strong>neget</strong></span> <span class='ocrx_word' id='word_1_59' title='bbox 2289 1535 2327 1610; x_wconf 74' lang='grc' dir='ltr'><strong>*ἓ</strong></span> <span class='ocrx_word' id='word_1_60' title='bbox 2384 1529 2515 1609; x_wconf 90' lang='lat' dir='ltr'><strong>uti</strong></span> <span class='ocrx_word' id='word_1_61' title='bbox 2600 1529 2862 1610; x_wconf 88' lang='lat' dir='ltr'><strong>etiarn</strong></span> <span class='ocrx_word' id='word_1_62' title='bbox 2924 1522 3032 1610; x_wconf 89' lang='lat' dir='ltr'><strong>ad</strong></span> <span class='ocrx_word' id='word_1_63' title='bbox 3085 1522 3573 1607; x_wconf 88' lang='lat' dir='ltr'><strong>eruendum</strong></span> <span class='ocrx_word' id='word_1_64' title='bbox 3635 1554 3989 1613; x_wconf 88' lang='lat' dir='ltr'><strong>sensum</strong></span> <span class='ocrx_word' id='word_1_65' title='bbox 4060 1529 4289 1613; x_wconf 88' lang='lat' dir='ltr'><strong>litte-</strong></span> 
     </span>
     <span class='ocr_line' id='line_1_9' title="bbox 1477 1646 4293 1767; baseline 0.002 -34"><span class='ocrx_word' id='word_1_66' title='bbox 1477 1654 1747 1736; x_wconf 88' lang='lat' dir='ltr'><strong>ralem</strong></span> <span class='ocrx_word' id='word_1_67' title='bbox 1783 1711 1813 1759; x_wconf 83' lang='lat'><strong>,</strong></span> <span class='ocrx_word' id='word_1_68' title='bbox 1875 1652 2111 1765; x_wconf 91' lang='lat' dir='ltr'><strong>quod</strong></span> <span class='ocrx_word' id='word_1_69' title='bbox 2174 1656 2269 1735; x_wconf 88' lang='lat' dir='ltr'><strong>in</strong></span> <span class='ocrx_word' id='word_1_70' title='bbox 2334 1646 2695 1767; x_wconf 80' lang='lat' dir='ltr'><strong>Vulgata</strong></span> <span class='ocrx_word' id='word_1_71' title='bbox 2746 1655 3151 1737; x_wconf 89' lang='lat' dir='ltr'><strong>obscurus</strong></span> <span class='ocrx_word' id='word_1_72' title='bbox 3180 1709 3210 1753; x_wconf 88' lang='lat'><strong>‚</strong></span> <span class='ocrx_word' id='word_1_73' title='bbox 3273 1652 3412 1737; x_wconf 92' lang='lat' dir='ltr'><strong>vel</strong></span> <span class='ocrx_word' id='word_1_74' title='bbox 3470 1648 3846 1763; x_wconf 88' lang='lat' dir='ltr'><strong>quodam</strong></span> <span class='ocrx_word' id='word_1_75' title='bbox 3913 1656 4109 1740; x_wconf 87' lang='lat' dir='ltr'><strong>velo</strong></span> <span class='ocrx_word' id='word_1_76' title='bbox 4141 1657 4293 1739; x_wconf 85' lang='lat' dir='ltr'><strong>ob·</strong></span> 
     </span>
     <span class='ocr_line' id='line_1_10' title="bbox 1478 1774 4292 1895; baseline 0.001 -36"><span class='ocrx_word' id='word_1_77' title='bbox 1478 1774 1788 1864; x_wconf 90' lang='lat' dir='ltr'><strong>ductus</strong></span> <span class='ocrx_word' id='word_1_78' title='bbox 1847 1797 1979 1863; x_wconf 89' lang='lat' dir='ltr'><strong>est</strong></span> <span class='ocrx_word' id='word_1_79' title='bbox 2017 1838 2039 1861; x_wconf 92' lang='lat'><strong>.</strong></span> <span class='ocrx_word' id='word_1_80' title='bbox 2106 1779 2310 1862; x_wconf 90' lang='lat' dir='ltr'><strong>Una</strong></span> <span class='ocrx_word' id='word_1_81' title='bbox 2367 1783 2610 1863; x_wconf 90' lang='lat' dir='ltr'><strong>enim</strong></span> <span class='ocrx_word' id='word_1_82' title='bbox 2685 1779 2982 1895; x_wconf 81' lang='lat' dir='ltr'><strong>lingua</strong></span> <span class='ocrx_word' id='word_1_83' title='bbox 3045 1782 3401 1890; x_wconf 83' lang='lat' dir='ltr'><strong>exponit</strong></span> <span class='ocrx_word' id='word_1_84' title='bbox 3464 1779 4074 1866; x_wconf 85' lang='lat' dir='ltr'><strong>obscuritatem</strong></span> <span class='ocrx_word' id='word_1_85' title='bbox 4162 1782 4292 1864; x_wconf 88' lang='lat' dir='ltr'><strong>al-</strong></span> 
     </span>
     <span class='ocr_line' id='line_1_11' title="bbox 1481 1907 4290 2017; baseline 0.002 -30"><span class='ocrx_word' id='word_1_86' title='bbox 1481 1909 1748 1987; x_wconf 90' lang='lat' dir='ltr'><strong>terius</strong></span> <span class='ocrx_word' id='word_1_87' title='bbox 1773 1965 1802 2010; x_wconf 82' lang='grc'><em>,</em></span> <span class='ocrx_word' id='word_1_88' title='bbox 1837 1907 2299 2016; x_wconf 89' lang='lat' dir='ltr'><strong>velumque</strong></span> <span class='ocrx_word' id='word_1_89' title='bbox 2332 1924 2723 1990; x_wconf 88' lang='lat' dir='ltr'><strong>removet</strong></span> <span class='ocrx_word' id='word_1_90' title='bbox 2749 1964 2777 2006; x_wconf 82' lang='lat'><strong>‚</strong></span> <span class='ocrx_word' id='word_1_91' title='bbox 2810 1925 2912 1989; x_wconf 93' lang='lat' dir='ltr'><strong>ut</strong></span> <span class='ocrx_word' id='word_1_92' title='bbox 2935 1910 3208 1988; x_wconf 90' lang='lat' dir='ltr'><strong>amica</strong></span> <span class='ocrx_word' id='word_1_93' title='bbox 3250 1908 3559 1989; x_wconf 88' lang='lat' dir='ltr'><strong>veritas</strong></span> <span class='ocrx_word' id='word_1_94' title='bbox 3592 1907 3922 1993; x_wconf 88' lang='lat' dir='ltr'><strong>eluceat</strong></span> <span class='ocrx_word' id='word_1_95' title='bbox 3960 1964 3989 2011; x_wconf 86' lang='grc'><em>,</em></span> <span class='ocrx_word' id='word_1_96' title='bbox 4023 1932 4290 2017; x_wconf 88' lang='lat' dir='ltr'><strong>quam</strong></span> 
     </span>
     <span class='ocr_line' id='line_1_12' title="bbox 1478 2026 4288 2147; baseline 0.002 -36"><span class='ocrx_word' id='word_1_97' title='bbox 1478 2030 1676 2114; x_wconf 91' lang='lat' dir='ltr'><strong>alias</strong></span> <span class='ocrx_word' id='word_1_98' title='bbox 1738 2059 2199 2144; x_wconf 89' lang='lat' dir='ltr'><strong>nunquam</strong></span> <span class='ocrx_word' id='word_1_99' title='bbox 2261 2026 2850 2147; x_wconf 61' lang='lat' dir='ltr'><strong>deprehendes</strong></span> <span class='ocrx_word' id='word_1_100' title='bbox 2889 2090 2918 2135; x_wconf 83' lang='grc'><em>,</em></span> <span class='ocrx_word' id='word_1_101' title='bbox 2980 2034 3151 2112; x_wconf 90' lang='lat' dir='ltr'><strong>nisi</strong></span> <span class='ocrx_word' id='word_1_102' title='bbox 3203 2029 3374 2113; x_wconf 86' lang='lat' dir='ltr'><strong>fors</strong></span> <span class='ocrx_word' id='word_1_103' title='bbox 3437 2058 3545 2114; x_wconf 82' lang='lat' dir='ltr'><strong>ex</strong></span> <span class='ocrx_word' id='word_1_104' title='bbox 3612 2035 4084 2143; x_wconf 85' lang='lat' dir='ltr'><strong>improviso</strong></span> <span class='ocrx_word' id='word_1_105' title='bbox 4139 2031 4288 2117; x_wconf 84' lang='lat' dir='ltr'><strong>ob-</strong></span> 
     </span>
     <span class='ocr_line' id='line_1_13' title="bbox 1476 2154 4292 2273; baseline 0.001 -34"><span class='ocrx_word' id='word_1_106' title='bbox 1476 2160 1823 2273; x_wconf 79' lang='lat' dir='ltr'><strong>tigerit,</strong></span> <span class='ocrx_word' id='word_1_107' title='bbox 1883 2161 1955 2240; x_wconf 90' lang='lat' dir='ltr'><strong>si</strong></span> <span class='ocrx_word' id='word_1_108' title='bbox 2019 2178 2330 2268; x_wconf 90' lang='lat' dir='ltr'><strong>sponte</strong></span> <span class='ocrx_word' id='word_1_109' title='bbox 2394 2183 2485 2239; x_wconf 89' lang='lat' dir='ltr'><strong>se</strong></span> <span class='ocrx_word' id='word_1_110' title='bbox 2549 2157 2888 2241; x_wconf 87' lang='lat' dir='ltr'><strong>obviam</strong></span> <span class='ocrx_word' id='word_1_111' title='bbox 2958 2154 3289 2239; x_wconf 85' lang='lat' dir='ltr'><strong>dederit</strong></span> <span class='ocrx_word' id='word_1_112' title='bbox 3321 2214 3344 2238; x_wconf 88' lang='lat'><strong>.</strong></span> <span class='ocrx_word' id='word_1_113' title='bbox 3401 2159 3751 2269; x_wconf 79' lang='lat' dir='ltr'><strong>Quotus</strong></span> <span class='ocrx_word' id='word_1_114' title='bbox 3789 2164 4032 2242; x_wconf 92' lang='lat' dir='ltr'><strong>enim</strong></span> <span class='ocrx_word' id='word_1_115' title='bbox 4066 2163 4292 2269; x_wconf 89' lang='lat' dir='ltr'><strong>quis·-</strong></span> 
     </span>
     <span class='ocr_line' id='line_1_14' title="bbox 1480 2282 4293 2401; baseline 0 -35"><span class='ocrx_word' id='word_1_116' title='bbox 1480 2311 1656 2394; x_wconf 90' lang='lat' dir='ltr'><strong>que</strong></span> <span class='ocrx_word' id='word_1_117' title='bbox 1708 2302 1893 2388; x_wconf 79' lang='lat' dir='ltr'><strong>est,</strong></span> <span class='ocrx_word' id='word_1_118' title='bbox 1954 2287 2107 2395; x_wconf 90' lang='lat' dir='ltr'><strong>qui</strong></span> <span class='ocrx_word' id='word_1_119' title='bbox 2160 2282 2472 2367; x_wconf 85' lang='lat' dir='ltr'><strong>audeat</strong></span> <span class='ocrx_word' id='word_1_120' title='bbox 2522 2286 2713 2366; x_wconf 91' lang='lat' dir='ltr'><strong>sine</strong></span> <span class='ocrx_word' id='word_1_121' title='bbox 2779 2287 3444 2401; x_wconf 56' lang='lat' dir='ltr'><strong>primaevarum¹</strong></span> <span class='ocrx_word' id='word_1_122' title='bbox 3484 2284 3981 2398; x_wconf 83' lang='lat' dir='ltr'><strong>linguarum</strong></span> <span class='ocrx_word' id='word_1_123' title='bbox 4049 2288 4293 2367; x_wconf 88' lang='lat' dir='ltr'><strong>noti-</strong></span> 
     </span>
     <span class='ocr_line' id='line_1_15' title="bbox 1474 2407 4288 2495; baseline -0 0"><span class='ocrx_word' id='word_1_124' title='bbox 1474 2416 1596 2495; x_wconf 86' lang='lat' dir='ltr'><strong>tia</strong></span> <span class='ocrx_word' id='word_1_125' title='bbox 1652 2437 2009 2493; x_wconf 89' lang='lat' dir='ltr'><strong>sensum</strong></span> <span class='ocrx_word' id='word_1_126' title='bbox 2063 2410 2518 2493; x_wconf 87' lang='lat' dir='ltr'><strong>litteralem</strong></span> <span class='ocrx_word' id='word_1_127' title='bbox 2567 2415 2663 2491; x_wconf 87' lang='lat' dir='ltr'><strong>in</strong></span> <span class='ocrx_word' id='word_1_128' title='bbox 2728 2414 2982 2494; x_wconf 89' lang='lat' dir='ltr'><strong>sacris</strong></span> <span class='ocrx_word' id='word_1_129' title='bbox 3044 2410 3324 2492; x_wconf 88' lang='lat' dir='ltr'><strong>Libris</strong></span> <span class='ocrx_word' id='word_1_130' title='bbox 3389 2410 3795 2494; x_wconf 87' lang='lat' dir='ltr'><strong>invenire</strong></span> <span class='ocrx_word' id='word_1_131' title='bbox 3828 2407 3873 2492; x_wconf 68' lang='lat'><strong>22</strong></span> <span class='ocrx_word' id='word_1_132' title='bbox 3936 2409 4288 2495; x_wconf 84' lang='lat' dir='ltr'><strong>Etiamsi</strong></span> 
     </span>
    </p>
   </div>
   <div class='ocr_carea' id='block_1_2' title="bbox 1474 2534 4426 2651">
    <p class='ocr_par' dir='ltr' id='par_1_2' title="bbox 1474 2534 4426 2651">
     <span class='ocr_line' id='line_1_16' title="bbox 1474 2534 4426 2651; baseline 0 -31"><span class='ocrx_word' id='word_1_133' title='bbox 1474 2538 1796 2622; x_wconf 86' lang='lat' dir='ltr'><strong>latinae</strong></span> <span class='ocrx_word' id='word_1_134' title='bbox 1840 2539 2185 2651; x_wconf 82' lang='lat' dir='ltr'><strong>linguae</strong></span> <span class='ocrx_word' id='word_1_135' title='bbox 2251 2539 2562 2647; x_wconf 91' lang='lat' dir='ltr'><strong>peritia</strong></span> <span class='ocrx_word' id='word_1_136' title='bbox 2625 2534 2837 2622; x_wconf 92' lang='lat' dir='ltr'><strong>alter</strong></span> <span class='ocrx_word' id='word_1_137' title='bbox 2895 2539 3005 2622; x_wconf 88' lang='lat' dir='ltr'><strong>sit</strong></span> <span class='ocrx_word' id='word_1_138' title='bbox 3038 2534 3346 2617; x_wconf 92' lang='lat' dir='ltr'><strong>Cicero</strong></span> <span class='ocrx_word' id='word_1_139' title='bbox 3381 2592 3409 2635; x_wconf 85' lang='lat'>‚</span> <span class='ocrx_word' id='word_1_140' title='bbox 3476 2554 3622 2618; x_wconf 91' lang='lat' dir='ltr'><strong>aut</strong></span> <span class='ocrx_word' id='word_1_141' title='bbox 3652 2535 3928 2619; x_wconf 89' lang='lat' dir='ltr'><strong>Varro</strong></span> <span class='ocrx_word' id='word_1_142' title='bbox 3967 2593 3997 2637; x_wconf 88' lang='lat'><strong>‚</strong></span> <span class='ocrx_word' id='word_1_143' title='bbox 4038 2540 4290 2621; x_wconf 83' lang='lat' dir='ltr'><strong>omni</strong></span> <span class='ocrx_word' id='word_1_144' title='bbox 4415 2622 4426 2629; x_wconf 75' lang='grc'><em>,</em></span> 
     </span>
    </p>
   </div>
   <div class='ocr_carea' id='block_1_3' title="bbox 1454 2661 4322 5167">
    <p class='ocr_par' dir='ltr' id='par_1_3' title="bbox 1454 2661 4322 5167">
     <span class='ocr_line' id='line_1_17' title="bbox 1482 2661 4291 2776; baseline 0 -31"><span class='ocrx_word' id='word_1_145' title='bbox 1482 2688 1635 2745; x_wconf 85' lang='lat' dir='ltr'><strong>sua</strong></span> <span class='ocrx_word' id='word_1_146' title='bbox 1700 2680 1880 2746; x_wconf 90' lang='lat' dir='ltr'><strong>arte</strong></span> <span class='ocrx_word' id='word_1_147' title='bbox 1936 2665 2029 2743; x_wconf 88' lang='lat' dir='ltr'><strong>in</strong></span> <span class='ocrx_word' id='word_1_148' title='bbox 2093 2661 2285 2776; x_wconf 91' lang='lat' dir='ltr'><strong>Jobi</strong></span> <span class='ocrx_word' id='word_1_149' title='bbox 2348 2664 2564 2744; x_wconf 90' lang='lat' dir='ltr'><strong>libro</strong></span> <span class='ocrx_word' id='word_1_150' title='bbox 2601 2720 2629 2762; x_wconf 83' lang='lat'><strong>,</strong></span> <span class='ocrx_word' id='word_1_151' title='bbox 2695 2665 2934 2774; x_wconf 88' lang='lat' dir='ltr'><strong>quasi</strong></span> <span class='ocrx_word' id='word_1_152' title='bbox 2991 2663 3085 2742; x_wconf 88' lang='lat' dir='ltr'><strong>in</strong></span> <span class='ocrx_word' id='word_1_153' title='bbox 3136 2661 3689 2773; x_wconf 87' lang='lat' dir='ltr'><strong>Labyrintho</strong></span> <span class='ocrx_word' id='word_1_154' title='bbox 3776 2663 4202 2745; x_wconf 87' lang='lat' dir='ltr'><strong>oberrabit</strong></span> <span class='ocrx_word' id='word_1_155' title='bbox 4258 2719 4291 2767; x_wconf 88' lang='lat'>‚</span> 
     </span>
     <span class='ocr_line' id='line_1_18' title="bbox 1477 2785 4288 2900; baseline 0 -28"><span class='ocrx_word' id='word_1_156' title='bbox 1477 2815 1684 2873; x_wconf 90' lang='lat' dir='ltr'><strong>cum</strong></span> <span class='ocrx_word' id='word_1_157' title='bbox 1740 2786 2171 2871; x_wconf 88' lang='lat' dir='ltr'><strong>Arabismi</strong></span> <span class='ocrx_word' id='word_1_158' title='bbox 2239 2846 2269 2891; x_wconf 84' lang='lat'>‚</span> <span class='ocrx_word' id='word_1_159' title='bbox 2363 2791 2670 2900; x_wconf 89' lang='lat' dir='ltr'><strong>quibus</strong></span> <span class='ocrx_word' id='word_1_160' title='bbox 2758 2804 3027 2870; x_wconf 89' lang='lat' dir='ltr'><strong>scatet</strong></span> <span class='ocrx_word' id='word_1_161' title='bbox 3085 2790 3316 2870; x_wconf 86' lang='lat' dir='ltr'><strong>viam</strong></span> <span class='ocrx_word' id='word_1_162' title='bbox 3382 2812 3953 2873; x_wconf 89' lang='lat' dir='ltr'><strong>communem</strong></span> <span class='ocrx_word' id='word_1_163' title='bbox 4010 2785 4288 2872; x_wconf 89' lang='lat' dir='ltr'><strong>unde-</strong></span> 
     </span>
     <span class='ocr_line' id='line_1_19' title="bbox 1472 2912 4287 3026; baseline 0.001 -30"><span class='ocrx_word' id='word_1_164' title='bbox 1472 2942 1817 3026; x_wconf 89' lang='lat' dir='ltr'><strong>quaque</strong></span> <span class='ocrx_word' id='word_1_165' title='bbox 1880 2912 2365 3025; x_wconf 87' lang='lat' dir='ltr'><strong>impediant</strong></span> <span class='ocrx_word' id='word_1_166' title='bbox 2400 2962 2429 2994; x_wconf 74' lang='lat'>0</span> <span class='ocrx_word' id='word_1_167' title='bbox 2490 2915 2822 3026; x_wconf 83' lang='lat' dir='ltr'><strong>Quibus</strong></span> <span class='ocrx_word' id='word_1_168' title='bbox 2878 2913 3143 2997; x_wconf 90' lang='lat' dir='ltr'><strong>oculis</strong></span> <span class='ocrx_word' id='word_1_169' title='bbox 3201 2912 3590 2994; x_wconf 87' lang='lat' dir='ltr'><strong>salutabit</strong></span> <span class='ocrx_word' id='word_1_170' title='bbox 3647 2914 4098 2997; x_wconf 89' lang='lat' dir='ltr'><strong>Danielem</strong></span> <span class='ocrx_word' id='word_1_171' title='bbox 4136 2971 4166 3015; x_wconf 84' lang='lat'>,</span> <span class='ocrx_word' id='word_1_172' title='bbox 4196 2912 4287 2999; x_wconf 74' lang='grc' dir='ltr'>ἃ</span> 
     </span>
     <span class='ocr_line' id='line_1_20' title="bbox 1473 3033 4286 3153; baseline -0.001 -29"><span class='ocrx_word' id='word_1_173' title='bbox 1473 3038 1829 3124; x_wconf 89' lang='lat' dir='ltr'><strong>Esdram</strong></span> <span class='ocrx_word' id='word_1_174' title='bbox 1896 3043 2040 3123; x_wconf 90' lang='lat' dir='ltr'><strong>ubi</strong></span> <span class='ocrx_word' id='word_1_175' title='bbox 2106 3037 2692 3123; x_wconf 90' lang='lat' dir='ltr'><strong>Chaldaismus</strong></span> <span class='ocrx_word' id='word_1_176' title='bbox 2750 3039 3257 3122; x_wconf 87' lang='lat' dir='ltr'><strong>Hebraismo</strong></span> <span class='ocrx_word' id='word_1_177' title='bbox 3311 3041 3784 3148; x_wconf 87' lang='lat' dir='ltr'><strong>permixtus</strong></span> <span class='ocrx_word' id='word_1_178' title='bbox 3817 3059 3945 3122; x_wconf 89' lang='lat' dir='ltr'><strong>est</strong></span> <span class='ocrx_word' id='word_1_179' title='bbox 3975 3033 4020 3119; x_wconf 68' lang='lat'><strong>22</strong></span> <span class='ocrx_word' id='word_1_180' title='bbox 4056 3041 4286 3153; x_wconf 87' lang='lat' dir='ltr'><strong>Quo-</strong></span> 
     </span>
     <span class='ocr_line' id='line_1_21' title="bbox 1472 3164 4289 3278; baseline -0.001 -28"><span class='ocrx_word' id='word_1_181' title='bbox 1472 3164 1736 3251; x_wconf 89' lang='lat' dir='ltr'><strong>modo</strong></span> <span class='ocrx_word' id='word_1_182' title='bbox 1784 3167 2235 3277; x_wconf 83' lang='lat' dir='ltr'><strong>explicabit</strong></span> <span class='ocrx_word' id='word_1_183' title='bbox 2306 3183 2438 3247; x_wconf 94' lang='lat' dir='ltr'><strong>tot</strong></span> <span class='ocrx_word' id='word_1_184' title='bbox 2497 3164 2920 3278; x_wconf 86' lang='lat' dir='ltr'><strong>Syrismos</strong></span> <span class='ocrx_word' id='word_1_185' title='bbox 2983 3222 3014 3268; x_wconf 85' lang='lat'>‚</span> <span class='ocrx_word' id='word_1_186' title='bbox 3100 3164 3407 3273; x_wconf 90' lang='lat' dir='ltr'><strong>quibus</strong></span> <span class='ocrx_word' id='word_1_187' title='bbox 3501 3170 3902 3253; x_wconf 90' lang='lat' dir='ltr'><strong>universa</strong></span> <span class='ocrx_word' id='word_1_188' title='bbox 3957 3166 4095 3251; x_wconf 81' lang='lat' dir='ltr'><strong>lex</strong></span> <span class='ocrx_word' id='word_1_189' title='bbox 4163 3192 4289 3248; x_wconf 89' lang='lat' dir='ltr'><strong>re-</strong></span> 
     </span>
     <span class='ocr_line' id='line_1_22' title="bbox 1474 3286 4284 3407; baseline 0 -33"><span class='ocrx_word' id='word_1_190' title='bbox 1474 3289 1808 3375; x_wconf 88' lang='lat' dir='ltr'><strong>dundat</strong></span> <span class='ocrx_word' id='word_1_191' title='bbox 1847 3289 1890 3375; x_wconf 71' lang='grc' dir='ltr'><strong>’ἓ</strong></span> <span class='ocrx_word' id='word_1_192' title='bbox 1952 3308 2167 3405; x_wconf 91' lang='lat' dir='ltr'><strong>quot</strong></span> <span class='ocrx_word' id='word_1_193' title='bbox 2225 3293 2586 3402; x_wconf 84' lang='lat' dir='ltr'><strong>insuper</strong></span> <span class='ocrx_word' id='word_1_194' title='bbox 2654 3286 2973 3375; x_wconf 87' lang='lat' dir='ltr'><strong>ibidem</strong></span> <span class='ocrx_word' id='word_1_195' title='bbox 3027 3287 3810 3375; x_wconf 88' lang='lat' dir='ltr'><strong>sunt··Hellenismi</strong></span> <span class='ocrx_word' id='word_1_196' title='bbox 3847 3350 3877 3397; x_wconf 70' lang='lat'><strong>9</strong></span> <span class='ocrx_word' id='word_1_197' title='bbox 3939 3288 4026 3376; x_wconf 74' lang='grc' dir='ltr'>ἃ</span> <span class='ocrx_word' id='word_1_198' title='bbox 4085 3291 4284 3407; x_wconf 86' lang='lat' dir='ltr'><strong>Hy-</strong></span> 
     </span>
     <span class='ocr_line' id='line_1_23' title="bbox 1467 3412 4278 3535; baseline 0.002 -35"><span class='ocrx_word' id='word_1_199' title='bbox 1467 3419 1842 3535; x_wconf 81' lang='lat' dir='ltr'><strong>pallagae</strong></span> <span class='ocrx_word' id='word_1_200' title='bbox 1874 3415 1918 3500; x_wconf 73' lang='lat'><strong><em>2</em></strong></span> <span class='ocrx_word' id='word_1_201' title='bbox 1981 3435 2197 3530; x_wconf 90' lang='lat' dir='ltr'><strong>quot</strong></span> <span class='ocrx_word' id='word_1_202' title='bbox 2256 3416 2709 3500; x_wconf 87' lang='lat' dir='ltr'><strong>orientales</strong></span> <span class='ocrx_word' id='word_1_203' title='bbox 2767 3413 3182 3528; x_wconf 88' lang='lat' dir='ltr'><strong>loquendi</strong></span> <span class='ocrx_word' id='word_1_204' title='bbox 3243 3412 3481 3498; x_wconf 90' lang='lat' dir='ltr'><strong>modi</strong></span> <span class='ocrx_word' id='word_1_205' title='bbox 3545 3412 3591 3499; x_wconf 68' lang='grc' dir='ltr'><strong>’ἓ</strong></span> <span class='ocrx_word' id='word_1_206' title='bbox 3689 3438 3905 3530; x_wconf 90' lang='lat' dir='ltr'><strong>quot</strong></span> <span class='ocrx_word' id='word_1_207' title='bbox 3983 3420 4278 3535; x_wconf 82' lang='lat' dir='ltr'><strong>ignota</strong></span> 
     </span>
     <span class='ocr_line' id='line_1_24' title="bbox 1464 3539 4286 3658; baseline 0 -31"><span class='ocrx_word' id='word_1_208' title='bbox 1464 3548 1918 3658; x_wconf 89' lang='lat' dir='ltr'><strong>proverbia</strong></span> <span class='ocrx_word' id='word_1_209' title='bbox 1951 3604 1981 3648; x_wconf 85' lang='lat'>‚</span> <span class='ocrx_word' id='word_1_210' title='bbox 2047 3562 2260 3655; x_wconf 88' lang='lat' dir='ltr'><strong>quot</strong></span> <span class='ocrx_word' id='word_1_211' title='bbox 2309 3539 2809 3629; x_wconf 90' lang='lat' dir='ltr'><strong>reconditae</strong></span> <span class='ocrx_word' id='word_1_212' title='bbox 2865 3559 3331 3629; x_wconf 88' lang='lat' dir='ltr'><strong>vetustates</strong></span> <span class='ocrx_word' id='word_1_213' title='bbox 3356 3601 3385 3646; x_wconf 82' lang='grc'><em>,</em></span> <span class='ocrx_word' id='word_1_214' title='bbox 3448 3559 3663 3651; x_wconf 90' lang='lat' dir='ltr'><strong>quot</strong></span> <span class='ocrx_word' id='word_1_215' title='bbox 3710 3546 4051 3655; x_wconf 89' lang='lat' dir='ltr'><strong>phrases</strong></span> <span class='ocrx_word' id='word_1_216' title='bbox 4104 3545 4286 3628; x_wconf 85' lang='lat' dir='ltr'><strong>lati-</strong></span> 
     </span>
     <span class='ocr_line' id='line_1_25' title="bbox 1461 3671 4285 3784; baseline -0.001 -28"><span class='ocrx_word' id='word_1_217' title='bbox 1461 3674 1605 3756; x_wconf 86' lang='lat' dir='ltr'><strong>nis</strong></span> <span class='ocrx_word' id='word_1_218' title='bbox 1657 3676 2048 3757; x_wconf 88' lang='lat' dir='ltr'><strong>insuetae</strong></span> <span class='ocrx_word' id='word_1_219' title='bbox 2086 3729 2116 3773; x_wconf 88' lang='lat'><strong>‚</strong></span> <span class='ocrx_word' id='word_1_220' title='bbox 2182 3696 2635 3782; x_wconf 83' lang='lat' dir='ltr'><strong>nexusque</strong></span> <span class='ocrx_word' id='word_1_221' title='bbox 2688 3672 3197 3784; x_wconf 65' lang='lat' dir='ltr'><strong>peregrini?</strong></span> <span class='ocrx_word' id='word_1_222' title='bbox 3232 3694 3451 3779; x_wconf 89' lang='lat' dir='ltr'><strong>quae</strong></span> <span class='ocrx_word' id='word_1_223' title='bbox 3513 3673 3813 3752; x_wconf 87' lang='lat' dir='ltr'><strong>omnia</strong></span> <span class='ocrx_word' id='word_1_224' title='bbox 3882 3676 4075 3753; x_wconf 88' lang='lat' dir='ltr'><strong>sine</strong></span> <span class='ocrx_word' id='word_1_225' title='bbox 4106 3671 4285 3754; x_wconf 89' lang='lat' dir='ltr'><strong>lin-</strong></span> 
     </span>
     <span class='ocr_line' id='line_1_26' title="bbox 1467 3788 4288 3915; baseline -0 -34"><span class='ocrx_word' id='word_1_226' title='bbox 1467 3802 1656 3915; x_wconf 86' lang='lat' dir='ltr'><strong>guis</strong></span> <span class='ocrx_word' id='word_1_227' title='bbox 1700 3802 2163 3910; x_wconf 87' lang='lat' dir='ltr'><strong>primaevis</strong></span> <span class='ocrx_word' id='word_1_228' title='bbox 2221 3800 2557 3882; x_wconf 88' lang='lat' dir='ltr'><strong>occulta</strong></span> <span class='ocrx_word' id='word_1_229' title='bbox 2601 3823 2780 3878; x_wconf 90' lang='lat' dir='ltr'><strong>esse</strong></span> <span class='ocrx_word' id='word_1_230' title='bbox 2842 3798 3255 3905; x_wconf 88' lang='lat' dir='ltr'><strong>mysteria</strong></span> <span class='ocrx_word' id='word_1_231' title='bbox 3317 3791 3730 3877; x_wconf 88' lang='lat' dir='ltr'><strong>videntur</strong></span> <span class='ocrx_word' id='word_1_232' title='bbox 3769 3853 3792 3876; x_wconf 90' lang='lat'><strong>.</strong></span> <span class='ocrx_word' id='word_1_233' title='bbox 3860 3788 4288 3908; x_wconf 77' lang='lat' dir='ltr'><strong>Interpre-</strong></span> 
     </span>
     <span class='ocr_line' id='line_1_27' title="bbox 1461 3919 4276 4036; baseline 0 -29"><span class='ocrx_word' id='word_1_234' title='bbox 1461 3941 1591 4007; x_wconf 91' lang='lat' dir='ltr'><strong>tes</strong></span> <span class='ocrx_word' id='word_1_235' title='bbox 1644 3924 1901 4007; x_wconf 89' lang='lat' dir='ltr'><strong>hebes</strong></span> <span class='ocrx_word' id='word_1_236' title='bbox 1954 3920 1999 4003; x_wconf 75' lang='grc'><strong>’.2</strong></span> <span class='ocrx_word' id='word_1_237' title='bbox 2068 3924 2442 4036; x_wconf 80' lang='lat' dir='ltr'><strong>gratulor</strong></span> <span class='ocrx_word' id='word_1_238' title='bbox 2497 3922 2654 4003; x_wconf 90' lang='lat' dir='ltr'><strong>tibi</strong></span> <span class='ocrx_word' id='word_1_239' title='bbox 2688 3977 2719 4023; x_wconf 86' lang='lat'>‚</span> <span class='ocrx_word' id='word_1_240' title='bbox 2782 3924 2853 4002; x_wconf 91' lang='lat' dir='ltr'><strong>si</strong></span> <span class='ocrx_word' id='word_1_241' title='bbox 2906 3919 3114 4002; x_wconf 89' lang='lat' dir='ltr'><strong>tales</strong></span> <span class='ocrx_word' id='word_1_242' title='bbox 3152 3978 3180 4020; x_wconf 82' lang='lat'><strong>,</strong></span> <span class='ocrx_word' id='word_1_243' title='bbox 3243 3923 3396 4029; x_wconf 91' lang='lat' dir='ltr'><strong>qui</strong></span> <span class='ocrx_word' id='word_1_244' title='bbox 3462 3923 3808 4030; x_wconf 86' lang='lat' dir='ltr'><strong>ipsimet</strong></span> <span class='ocrx_word' id='word_1_245' title='bbox 3856 3950 4044 4007; x_wconf 90' lang='lat' dir='ltr'><strong>non</strong></span> <span class='ocrx_word' id='word_1_246' title='bbox 4115 3951 4276 4035; x_wconf 88' lang='lat' dir='ltr'><strong>pe-</strong></span> 
     </span>
     <span class='ocr_line' id='line_1_28' title="bbox 1459 4041 4283 4166; baseline 0 -33"><span class='ocrx_word' id='word_1_247' title='bbox 1459 4051 1786 4166; x_wconf 81' lang='lat' dir='ltr'><strong>regrini</strong></span> <span class='ocrx_word' id='word_1_248' title='bbox 1852 4050 1948 4128; x_wconf 92' lang='lat' dir='ltr'><strong>in</strong></span> <span class='ocrx_word' id='word_1_249' title='bbox 2009 4047 2257 4131; x_wconf 86' lang='lat' dir='ltr'><strong>lsrael</strong></span> <span class='ocrx_word' id='word_1_250' title='bbox 2327 4080 2350 4130; x_wconf 73' lang='grc' dir='ltr'><strong><em>ε</em></strong></span> <span class='ocrx_word' id='word_1_251' title='bbox 2420 4048 2672 4156; x_wconf 85' lang='lat' dir='ltr'><strong>cujus</strong></span> <span class='ocrx_word' id='word_1_252' title='bbox 2732 4041 3405 4156; x_wconf 90' lang='lat' dir='ltr'><strong>descriptionem</strong></span> <span class='ocrx_word' id='word_1_253' title='bbox 3470 4049 3540 4127; x_wconf 93' lang='lat' dir='ltr'><strong>si</strong></span> <span class='ocrx_word' id='word_1_254' title='bbox 3596 4064 3948 4132; x_wconf 91' lang='lat' dir='ltr'><strong>tantum</strong></span> <span class='ocrx_word' id='word_1_255' title='bbox 4010 4047 4283 4133; x_wconf 88' lang='lat' dir='ltr'><strong>aliun-</strong></span> 
     </span>
     <span class='ocr_line' id='line_1_29' title="bbox 1461 4168 4284 4287; baseline 0.001 -27"><span class='ocrx_word' id='word_1_256' title='bbox 1461 4173 1572 4260; x_wconf 92' lang='lat' dir='ltr'><strong>de</strong></span> <span class='ocrx_word' id='word_1_257' title='bbox 1627 4176 2279 4287; x_wconf 88' lang='lat' dir='ltr'><strong>acquisiverunt</strong></span> <span class='ocrx_word' id='word_1_258' title='bbox 2313 4232 2342 4277; x_wconf 83' lang='grc'><em>,</em></span> <span class='ocrx_word' id='word_1_259' title='bbox 2405 4193 2589 4259; x_wconf 91' lang='lat' dir='ltr'><strong>tam</strong></span> <span class='ocrx_word' id='word_1_260' title='bbox 2635 4172 2883 4256; x_wconf 90' lang='lat' dir='ltr'><strong>facile</strong></span> <span class='ocrx_word' id='word_1_261' title='bbox 2942 4197 3040 4254; x_wconf 90' lang='lat' dir='ltr'><strong>ac</strong></span> <span class='ocrx_word' id='word_1_262' title='bbox 3103 4174 3336 4255; x_wconf 91' lang='lat' dir='ltr'><strong>caeci</strong></span> <span class='ocrx_word' id='word_1_263' title='bbox 3392 4168 3655 4254; x_wconf 88' lang='lat' dir='ltr'><strong>duces</strong></span> <span class='ocrx_word' id='word_1_264' title='bbox 3719 4172 4142 4257; x_wconf 89' lang='lat' dir='ltr'><strong>fidentem</strong></span> <span class='ocrx_word' id='word_1_265' title='bbox 4191 4194 4284 4263; x_wconf 87' lang='lat' dir='ltr'><strong>te</strong></span> 
     </span>
     <span class='ocr_line' id='line_1_30' title="bbox 1465 4296 4274 4420; baseline -0.001 -34"><span class='ocrx_word' id='word_1_266' title='bbox 1465 4304 1562 4386; x_wconf 86' lang='lat' dir='ltr'><strong>in</strong></span> <span class='ocrx_word' id='word_1_267' title='bbox 1616 4304 2161 4420; x_wconf 81' lang='lat' dir='ltr'><strong>ignorantiae</strong></span> <span class='ocrx_word' id='word_1_268' title='bbox 2196 4359 2225 4404; x_wconf 82' lang='lat'>‚</span> <span class='ocrx_word' id='word_1_269' title='bbox 2290 4300 2429 4386; x_wconf 89' lang='lat' dir='ltr'><strong>vel</strong></span> <span class='ocrx_word' id='word_1_270' title='bbox 2483 4302 2787 4383; x_wconf 87' lang='lat' dir='ltr'><strong>erroris</strong></span> <span class='ocrx_word' id='word_1_271' title='bbox 2853 4298 3194 4384; x_wconf 84' lang='lat' dir='ltr'><strong>foveam</strong></span> <span class='ocrx_word' id='word_1_272' title='bbox 3251 4302 3814 4410; x_wconf 89' lang='lat' dir='ltr'><strong>praecipitem</strong></span> <span class='ocrx_word' id='word_1_273' title='bbox 3880 4296 4213 4386; x_wconf 92' lang='lat' dir='ltr'><strong>dabunt</strong></span> <span class='ocrx_word' id='word_1_274' title='bbox 4248 4358 4274 4383; x_wconf 86' lang='lat'><strong>.</strong></span> 
     </span>
     <span class='ocr_line' id='line_1_31' title="bbox 1457 4426 4279 4540; baseline 0 -26"><span class='ocrx_word' id='word_1_275' title='bbox 1457 4427 1663 4514; x_wconf 88' lang='lat' dir='ltr'><strong>Sint</strong></span> <span class='ocrx_word' id='word_1_276' title='bbox 1727 4444 2020 4512; x_wconf 88' lang='lat' dir='ltr'><strong>autem</strong></span> <span class='ocrx_word' id='word_1_277' title='bbox 2084 4429 2576 4538; x_wconf 89' lang='lat' dir='ltr'><strong>peritissimi</strong></span> <span class='ocrx_word' id='word_1_278' title='bbox 2635 4426 2816 4508; x_wconf 82' lang='lat' dir='ltr'><strong>illi:</strong></span> <span class='ocrx_word' id='word_1_279' title='bbox 2883 4428 3250 4540; x_wconf 86' lang='lat' dir='ltr'><strong>Quoties</strong></span> <span class='ocrx_word' id='word_1_280' title='bbox 3310 4450 3611 4507; x_wconf 89' lang='lat' dir='ltr'><strong>eorum</strong></span> <span class='ocrx_word' id='word_1_281' title='bbox 3661 4442 4057 4509; x_wconf 88' lang='lat' dir='ltr'><strong>mentem</strong></span> <span class='ocrx_word' id='word_1_282' title='bbox 4100 4455 4279 4515; x_wconf 90' lang='lat' dir='ltr'><strong>om·-</strong></span> 
     </span>
     <span class='ocr_line' id='line_1_32' title="bbox 1458 4549 4281 4664; baseline -0 -25"><span class='ocrx_word' id='word_1_283' title='bbox 1458 4557 1686 4639; x_wconf 87' lang='lat' dir='ltr'><strong>nino</strong></span> <span class='ocrx_word' id='word_1_284' title='bbox 1750 4580 1936 4635; x_wconf 92' lang='lat' dir='ltr'><strong>non</strong></span> <span class='ocrx_word' id='word_1_285' title='bbox 2008 4556 2238 4664; x_wconf 88' lang='lat' dir='ltr'><strong>capis</strong></span> <span class='ocrx_word' id='word_1_286' title='bbox 2274 4611 2302 4654; x_wconf 81' lang='grc'><em>,</em></span> <span class='ocrx_word' id='word_1_287' title='bbox 2365 4570 2516 4636; x_wconf 90' lang='lat' dir='ltr'><strong>aut</strong></span> <span class='ocrx_word' id='word_1_288' title='bbox 2566 4571 2920 4638; x_wconf 89' lang='lat' dir='ltr'><strong>tantum</strong></span> <span class='ocrx_word' id='word_1_289' title='bbox 2969 4576 3078 4635; x_wconf 86' lang='lat' dir='ltr'><strong>ex</strong></span> <span class='ocrx_word' id='word_1_290' title='bbox 3145 4569 3385 4661; x_wconf 87' lang='lat' dir='ltr'><strong>parte</strong></span> <span class='ocrx_word' id='word_1_291' title='bbox 3430 4556 3467 4635; x_wconf 73' lang='grc' dir='ltr'>ἓ</span> <span class='ocrx_word' id='word_1_292' title='bbox 3520 4549 3755 4664; x_wconf 91' lang='lat' dir='ltr'><strong>Quid</strong></span> <span class='ocrx_word' id='word_1_293' title='bbox 3800 4555 3870 4633; x_wconf 88' lang='lat' dir='ltr'><strong>si</strong></span> <span class='ocrx_word' id='word_1_294' title='bbox 3913 4578 4098 4635; x_wconf 88' lang='lat' dir='ltr'><strong>non</strong></span> <span class='ocrx_word' id='word_1_295' title='bbox 4161 4572 4281 4638; x_wconf 88' lang='lat' dir='ltr'><strong>ta·</strong></span> 
     </span>
     <span class='ocr_line' id='line_1_33' title="bbox 1454 4675 4322 4795; baseline 0.001 -33"><span class='ocrx_word' id='word_1_296' title='bbox 1454 4678 1579 4762; x_wconf 88' lang='lat' dir='ltr'><strong>les</strong></span> <span class='ocrx_word' id='word_1_297' title='bbox 1611 4685 1649 4758; x_wconf 72' lang='lat'><em>2</em></span> <span class='ocrx_word' id='word_1_298' title='bbox 1684 4675 1774 4758; x_wconf 91' lang='lat' dir='ltr'><strong>Si</strong></span> <span class='ocrx_word' id='word_1_299' title='bbox 1835 4692 2187 4759; x_wconf 91' lang='lat' dir='ltr'><strong>tantum</strong></span> <span class='ocrx_word' id='word_1_300' title='bbox 2247 4676 2433 4760; x_wconf 90' lang='lat' dir='ltr'><strong>illos</strong></span> <span class='ocrx_word' id='word_1_301' title='bbox 2470 4734 2501 4780; x_wconf 86' lang='lat'>‚</span> <span class='ocrx_word' id='word_1_302' title='bbox 2564 4680 2718 4790; x_wconf 89' lang='lat' dir='ltr'><strong>qui</strong></span> <span class='ocrx_word' id='word_1_303' title='bbox 2779 4675 3236 4761; x_wconf 82' lang='lat' dir='ltr'><strong>orientales</strong></span> <span class='ocrx_word' id='word_1_304' title='bbox 3302 4679 3630 4795; x_wconf 82' lang='lat' dir='ltr'><strong>linguas</strong></span> <span class='ocrx_word' id='word_1_305' title='bbox 3686 4734 3716 4781; x_wconf 86' lang='lat'><strong>,</strong></span> <span class='ocrx_word' id='word_1_306' title='bbox 3779 4703 3934 4759; x_wconf 92' lang='lat' dir='ltr'><strong>seu</strong></span> <span class='ocrx_word' id='word_1_307' title='bbox 3999 4678 4322 4766; x_wconf 67' lang='lat' dir='ltr'><strong>clavesv</strong></span> 
     </span>
     <span class='ocr_line' id='line_1_34' title="bbox 1459 4799 4278 4917; baseline 0.001 -30"><span class='ocrx_word' id='word_1_308' title='bbox 1459 4799 1745 4891; x_wconf 87' lang='lat' dir='ltr'><strong>divini</strong></span> <span class='ocrx_word' id='word_1_309' title='bbox 1804 4803 2201 4904; x_wconf 84' lang='lat' dir='ltr'><strong>armarii,</strong></span> <span class='ocrx_word' id='word_1_310' title='bbox 2263 4804 2533 4887; x_wconf 90' lang='lat' dir='ltr'><strong>veluti</strong></span> <span class='ocrx_word' id='word_1_311' title='bbox 2572 4822 2962 4888; x_wconf 89' lang='lat' dir='ltr'><strong>monstra</strong></span> <span class='ocrx_word' id='word_1_312' title='bbox 3009 4800 3486 4917; x_wconf 86' lang='lat' dir='ltr'><strong>refugerint</strong></span> <span class='ocrx_word' id='word_1_313' title='bbox 3523 4862 3551 4906; x_wconf 87' lang='grc'><em>,</em></span> <span class='ocrx_word' id='word_1_314' title='bbox 3617 4804 3769 4913; x_wconf 90' lang='lat' dir='ltr'><strong>qui</strong></span> <span class='ocrx_word' id='word_1_315' title='bbox 3801 4804 4091 4886; x_wconf 90' lang='lat' dir='ltr'><strong>lucem</strong></span> <span class='ocrx_word' id='word_1_316' title='bbox 4119 4832 4278 4890; x_wconf 88' lang='lat' dir='ltr'><strong>ve-</strong></span> 
     </span>
     <span class='ocr_line' id='line_1_35' title="bbox 1456 4923 4274 5056; baseline -0.001 -42"><span class='ocrx_word' id='word_1_317' title='bbox 1456 4929 1621 5014; x_wconf 87' lang='lat' dir='ltr'><strong>luti</strong></span> <span class='ocrx_word' id='word_1_318' title='bbox 1674 4930 2074 5013; x_wconf 89' lang='lat' dir='ltr'><strong>tenebras</strong></span> <span class='ocrx_word' id='word_1_319' title='bbox 2112 4925 2484 5056; x_wconf 65' lang='lat' dir='ltr'><strong>oderint</strong></span> <span class='ocrx_word' id='word_1_320' title='bbox 2514 4933 2548 5012; x_wconf 82' lang='lat'>?</span> <span class='ocrx_word' id='word_1_321' title='bbox 2574 4933 2723 5042; x_wconf 91' lang='lat' dir='ltr'><strong>qui</strong></span> <span class='ocrx_word' id='word_1_322' title='bbox 2756 4956 2944 5016; x_wconf 86' lang='lat' dir='ltr'><strong>suas</strong></span> <span class='ocrx_word' id='word_1_323' title='bbox 2975 4932 3434 5041; x_wconf 89' lang='lat' dir='ltr'><strong>opiniones</strong></span> <span class='ocrx_word' id='word_1_324' title='bbox 3469 4929 3736 5014; x_wconf 91' lang='lat' dir='ltr'><strong>veluti</strong></span> <span class='ocrx_word' id='word_1_325' title='bbox 3796 4923 3998 5042; x_wconf 70' lang='grc' dir='ltr'><strong><em>κόρας</em></strong></span> <span class='ocrx_word' id='word_1_326' title='bbox 4032 4930 4274 5039; x_wconf 57' lang='grc' dir='ltr'><strong><em>ἐοξὰς</em></strong></span> 
     </span>
     <span class='ocr_line' id='line_1_36' title="bbox 1454 5050 4274 5167; baseline -0.001 -22"><span class='ocrx_word' id='word_1_327' title='bbox 1454 5083 1667 5145; x_wconf 83' lang='lat' dir='ltr'><strong>cum</strong></span> <span class='ocrx_word' id='word_1_328' title='bbox 1726 5053 2256 5143; x_wconf 81' lang='lat' dir='ltr'><strong>detrimento</strong></span> <span class='ocrx_word' id='word_1_329' title='bbox 2346 5055 2434 5140; x_wconf 86' lang='lat' dir='ltr'><strong>S.</strong></span> <span class='ocrx_word' id='word_1_330' title='bbox 2490 5055 2835 5144; x_wconf 87' lang='lat' dir='ltr'><strong>Codicis</strong></span> <span class='ocrx_word' id='word_1_331' title='bbox 2896 5050 3454 5144; x_wconf 86' lang='lat' dir='ltr'><strong>vendiderint</strong></span> <span class='ocrx_word' id='word_1_332' title='bbox 3510 5058 3545 5137; x_wconf 82' lang='lat'>?</span> <span class='ocrx_word' id='word_1_333' title='bbox 3603 5070 4274 5167; x_wconf 86' lang='lat' dir='ltr'><strong>emptoremque</strong></span> 
     </span>
    </p>
   </div>
  </div>
 </body>
</html>
