4913 6618
1474 514 1669 727 gram
1704 694 1735 745 ‚
1783 630 1890 727 ὀᾶ
1934 635 2271 749 peltam
2308 667 2331 717 ε
2390 631 2757 723 Scutum
2822 650 3117 749 reapse
3179 662 3236 721 a
3291 634 3522 751 pelta
3550 687 3583 740 ,
3639 654 3796 722 seu
3854 634 4165 753 clypeo
4186 632 4280 728 &-

1476 767 1753 855 forma
1790 819 1820 867 ‚
1874 760 1963 849 81
2021 790 2179 849 usu
2226 760 2757 876 discrepabat
2794 818 2817 842 .
2881 759 3087 848 Non
3147 759 3464 850 desunt
3518 763 3824 875 utique
3873 766 3968 848 in
4023 769 4282 853 sacris

1479 889 1942 980 Codicibus
2011 886 2519 976 eorumdem
2614 887 3229 977 vocabulorum
3293 891 3850 1003 repetitiones
3911 885 4023 974 ad
4083 918 4282 976 ma-

1474 1020 1750 1132 jorem
1816 1016 2292 1129 emphasim
2347 1013 2434 1103 ἃ
2499 1009 2829 1129 ἐνέργειαι
2892 1072 2922 1120 ,
2987 1013 3473 1126 cujusmodi
3557 1012 3786 1126 apud
3851 1014 4213 1102 Latinos
4244 1072 4282 1126 ,

1477 1144 1567 1235 81
1627 1145 1926 1230 Poetas
1962 1146 2520 1256 reperiuntur
2549 1140 3298 1253 frequentissimae
3331 1200 3362 1247 ‚
3425 1144 3926 1254 praesertim
3956 1147 4056 1228 in
4088 1141 4282 1231 Ele·

1477 1274 1637 1391 giis
1674 1328 1703 1375 ,
1733 1269 2111 1385 Ecclogis
2148 1327 2178 1371 ‚
2212 1268 2678 1353 Phaleuciis
2713 1272 2898 1354 sive
2927 1263 3674 1385 Hendecasyllabis
3710 1323 3733 1346 .
3800 1264 4058 1353 Haud
4086 1295 4280 1355 raro

1476 1402 1740 1484 etiam
1778 1424 1869 1478 se
1901 1392 2183 1507 prodit
2216 1391 2674 1504 πλσόνασμος
2703 1453 2730 1494 ,
2780 1390 3311 1507 παρονομασίας
3346 1456 3373 1493 ,
3439 1390 3546 1495 v)
3578 1386 3935 1501 αναληψις
3973 1454 3995 1477 .
4033 1396 4280 1508 Quae

1474 1521 1834 1637 quidem
1881 1522 2266 1640 linguam
2324 1540 2720 1609 sanctam
2771 1522 3369 1637 ignorantibus
3401 1520 3800 1606 tenebras
3847 1516 4289 1606 obducere·

1472 1674 1831 1737 necesse
1887 1646 1986 1730 fit
2016 1704 2047 1730 .
2106 1646 2425 1732 Parum
2491 1647 2874 1732 absimile
2960 1644 3070 1731 de
3161 1647 3530 1732 utilitate
3587 1644 3933 1761 linguae
3998 1641 4277 1731 Grae-

1472 1802 1628 1863 cae
1661 1834 1692 1880 ,
1756 1801 2021 1885 quam
2074 1771 2714 1891 Theologorum
2770 1770 3077 1889 vulgus
3140 1771 3504 1886 despicit
3536 1828 3570 1875 ‚
3622 1796 3829 1857 vere
3885 1767 4120 1856 docti
4156 1769 4279 1856 fe-

1470 1919 1691 1986 runt
1774 1897 2201 2011 judicium
2238 1956 2259 1980 .
2321 1897 2732 1986 Gaudent
2797 1895 3376 1985 Graecanicae
3424 1896 3850 1985 dictiones
3945 1899 4280 1986 innatis

1470 2025 1986 2139 quibusdam
2041 2028 2704 2138 proprietatibus
2733 2080 2764 2126 ‚
2820 2020 3033 2109 adeo
3098 2045 3196 2110 ut
3252 2029 3394 2113 vix
3455 2026 3722 2113 latine
3751 2082 3781 2126 ,
3846 2026 4021 2107 nisi
4051 2020 4280 2112 forte

1469 2178 1629 2266 per
1691 2152 2255 2266 periphrasim
2312 2208 2343 2253 ‚
2422 2153 2660 2263 juxta
2706 2175 3007 2235 earum
3077 2155 3488 2266 ‚spiritum
3569 2146 3811 2237 reddi
3883 2166 4215 2261 queant
4245 2206 4275 2237 .

1470 2278 1605 2366 Sit
1670 2305 1952 2362 unum
1990 2337 2021 2384 ‚
2072 2274 2162 2365 ἃ
2223 2278 2594 2364 alterum
2657 2277 3154 2394 exemplum
3215 2304 3321 2361 ex
3379 2276 3668 2363 multis
3701 2332 3735 2379 ‚
3792 2302 4011 2386 quae
4070 2302 4279 2386 pos-

1468 2422 1671 2491 sent
1721 2405 2095 2489 exhiberi
2134 2461 2155 2485 .
2222 2402 2506 2490 Marci
2564 2423 2682 2494 VI.
2748 2434 2838 2490 v.
2880 2403 3033 2509 46.
3102 2403 3411 2521 legitur
3471 2436 3495 2485 ε
3578 2406 3646 2513 ²9
3727 2395 4271 2511 ἄποταξᾶμενος

1465 2532 1704 2623 ἆυτοῖς
1742 2592 1767 2630 ,
1826 2534 2154 2613 ἆπῖλθεν
2211 2533 2296 2621 εἰς
2365 2530 2446 2618 τὸ
2509 2527 2657 2652 ὅξος
2736 2523 3227 2640 &perebius-aq
3283 2558 3308 2582 ⁹
3376 2530 3493 2614 Et
3551 2556 3743 2613 cum
3810 2527 4274 2613 dimisisset

1463 2683 1613 2743 eos
1659 2655 1874 2739 abiit
1926 2657 2018 2738 1‘12
2082 2677 2464 2742 montem
2518 2683 2767 2743 orare
2799 2715 2823 2739 .
2884 2653 3011 2740 At
3077 2658 3442 2742 verbum
3473 2649 3901 2740 Graecum
3935 2711 3966 2758 ,
4032 2650 4274 2742 unde

1464 2781 2010 2894 αποταξιὶμονος
2049 2836 2079 2882 ,
2137 2807 2322 2865 non
2360 2788 2553 2900 sign
2564 2782 2790 2867 ificat
2814 2780 3318 2894 simpliciter
3348 2776 3784 2863 dimittere
3826 2834 3859 2883 ‚
3920 2780 4039 2863 ait
4072 2805 4271 2864 eru·

1460 2903 1931 2993 ditissimus
1989 2905 2286 2993 Canus
2333 2911 2480 2994 lib.
2520 2929 2614 2991 11.
2686 2904 2796 2992 de
2859 2907 3114 2993 Locis
3163 2905 3430 2992 Theo-
3499 2931 3691 3016 cap.
3728 2924 3821 2994 V.
3857 2960 3890 3007 ‚
3956 2899 4108 2987 sed
4153 2901 4276 2990 di-

1458 3038 1837 3128 mittere·
1867 3035 2310 3151 benigne,
2369 3061 2473 3121 ac
2536 3039 2898 3154 gratiose
2926 3093 2957 3139 ‚
3006 3028 3744 3145 quemadmodum
3797 3033 4094 3116 amicis
4128 3055 4274 3118 ce·

1458 3159 1786 3249 lebrato
1846 3164 2259 3248 convivio
2313 3161 2738 3250 benevole
2784 3155 3339 3248 valedicimus
3365 3219 3390 3242 .
3443 3160 3641 3273 Qua
3694 3162 3794 3243 ln
3849 3181 3945 3241 re
3992 3154 4269 3243 Evan-

1456 3287 1754 3406 gelista
1813 3283 2146 3376 Graece
2207 3290 2594 3377 scribens
2663 3288 2867 3407 Jesu
2934 3284 3257 3376 Christi
3321 3288 3588 3376 etiam
3645 3309 3843 3405 erga
3904 3287 4270 3371 rusticos

1451 3440 1892 3500 summam
1936 3415 2446 3502 comitatem
2473 3474 2503 3522 ‚
2557 3414 2647 3504 ἃ
2703 3416 3064 3535 gratiam
3114 3407 3767 3502 commendavit
3801 3471 3827 3496 .
3887 3405 3984 3495 ld
4033 3405 4269 3525 quod

1454 3538 1724 3626 latina
1770 3568 1986 3628 voce
2047 3546 2414 3655 exprimi
2466 3547 2610 3631 vix
2667 3556 2951 3656 potest
2985 3599 3010 3624 .
3070 3539 3183 3627 Et
3232 3543 3330 3625 in
3379 3538 3650 3653 Epist.
3704 3535 3815 3624 ad
3865 3538 4271 3652 Ephesios

1452 3694 1618 3781 pro
1672 3692 1776 3752 eo
1826 3662 2060 3781 quod
2112 3687 2407 3754 nostra
2474 3665 2738 3754 editio
2774 3667 3031 3754 habet
3066 3696 3088 3742 ε
3139 3664 3232 3752 Α
3262 3665 3875 3752 εοηετίτιιτῐοηε
3904 3666 4214 3750 mundi
4234 3720 4268 3771 ,
4383 3686 4400 3691 ·

1450 3788 1784 3880 Graece
1812 3794 2171 3879 habetur
2206 3795 2602 3895 καταβολὴ
2659 3854 2693 3902 ,
2771 3790 3012 3908 quod
3070 3792 3576 3880 constitutio
3638 3807 3889 3877 sonat
3926 3822 3951 3874 ε
4022 3786 4266 3879 unde

1451 3916 1544 4004 ἃ
1598 3946 1763 4003 nos
1817 3934 2174 4032 propter
2238 3936 2841 4033 paupertatem
2901 3920 3251 4037 linguae
3307 3973 3340 4022 ‚
3403 3914 3493 4004 ἃ
3557 3944 3852 4004 rerum
3914 3921 4264 4008 novita-

1454 4059 1639 4128 tem
1673 4098 1707 4146 ‚
1767 4041 1855 4131 ἃ
1921 4042 1970 4156 (
2037 4045 2263 4130 sicut
2331 4042 2684 4158 quidam
2744 4047 2864 4129 ait
2931 4043 2979 4157 )
3045 4040 3284 4158 quod
3339 4046 3450 4129 sit
3499 4038 4034 4132 Graecorum
4090 4070 4268 4129 ser-

1451 4195 1604 4255 mo
1658 4171 1908 4255 latIor
1949 4228 1980 4274 ‚
2030 4168 2118 4258 ἃ
2182 4172 2482 4288 lingua
2537 4170 2866 4260 felicior
2898 4229 2929 4275 ‚
3007 4171 3522 4257 conabimur
3574 4197 3763 4256 non
3819 4187 4005 4258 tam
4067 4194 4265 4257 ver-

1447 4294 1665 4381 bum
1720 4293 2192 4383 transferre
2244 4323 2295 4381 e
2359 4300 2626 4385 verbo
2651 4357 2685 4405 ‚
2743 4293 2976 4409 quod
3004 4296 3527 4411 impossibile
3559 4314 3741 4402 est,
3776 4323 4042 4406 quam
4073 4300 4262 4386 vim

1448 4422 1694 4508 verbi
1748 4417 2127 4537 quodam
2176 4425 2597 4535 explicare
2655 4426 3032 4512 circuitu
3089 4481 3115 4506 .
3167 4421 3573 4525 Καταβολὲ
3630 4427 3978 4536 proprie
4034 4420 4258 4512 dici-

1450 4562 1596 4632 tur
1628 4605 1662 4651 ‚
1726 4577 1935 4634 cum
2002 4545 2213 4661 quid
2260 4545 2666 4635 deorsum
2737 4548 3046 4657 jacitur
3076 4604 3110 4652 ‚
3166 4548 3308 4636 vel
3371 4577 3583 4636 cum
3634 4547 3920 4663 aliqua
3952 4578 4085 4636 res
4116 4578 4258 4636 su·-

1447 4676 1618 4757 mit
1673 4669 2122 4759 exordium
2156 4738 2176 4759 .
2232 4674 2496 4758 Unde
2545 4674 2633 4763 81
2688 4676 2779 4762 hi
2815 4680 2964 4786 qui
3009 4671 3353 4762 aedium
3383 4674 3875 4763 futurarum
3918 4677 4260 4789 jaciunt

1445 4795 2020 4889 fimdamenta
2052 4858 2086 4905 ‚
2137 4794 2744 4907 καταβιβληιάνιη
2779 4797 3249 4889 dicuntur:
3300 4804 3599 4890 volens
3631 4806 3921 4916 itaque
3949 4803 4260 4893 Paulus

1445 4922 1906 5013 ostendere
1941 4986 1972 5033 ‚
2031 4921 2264 5041 quod
2325 4928 2564 5013 Deus
2623 4931 3028 5016 universa
3091 4933 3205 5014 sit
3255 4931 3800 5017 machinatus
3852 4959 3956 5017 ex
4029 4935 4256 5019 nihi-

1446 5053 1536 5138 lo
1563 5111 1602 5166 ‚
1650 5080 1843 5143 non
1901 5050 2516 5147 conditionem
2538 5113 2576 5171 ‚
2614 5082 2806 5145 non
2857 5074 3343 5150 creaturam
3371 5114 3409 5172 2
3455 5077 3719 5174 atque
3761 5054 4262 5280 ficturng

4107 5214 4150 5274 s
