4913 6618
1533 655 1818 741 verhis
1870 652 2239 747 Nathan
2302 660 2791 777 Prophetae
2852 672 2887 767 ‚'
2947 656 3056 754 <3⁶
3098 662 3192 749 in
3255 663 3492 750 libris
3537 659 3827 780 Ahjae
3879 665 4266 758 silonitis
4308 684 4360 782 3

1535 782 1630 863 in
1676 784 2003 872 visione
2067 815 2414 899 quoque
2467 786 2729 873 Addo
2770 789 3145 876 videntis
3178 848 3202 872 .
3268 790 3616 878 Praeter
3666 792 4142 880 Salomonis
4224 797 4338 881 li-

1533 906 1730 991 bros
1757 963 1790 1011 ‚
1854 938 2069 1023 quos
2092 910 2623 1026 possidemus
2661 973 2690 1018 ‚
2751 915 2894 999 alii
2923 915 3166 1006 fuere
3197 972 3230 1021 ‚
3262 921 3415 1030 qui
3444 913 3904 1005 laudantur
3931 919 4072 1003 ΙΙΙ.
4110 921 4334 1041 Reg.

1531 1052 1721 1145 cap.
1749 1051 1873 1123 lv.
1936 1066 2407 1156 vv.32.33.
2462 1041 2730 1128 hocce
2790 1039 3051 1129 modo
3084 1075 3110 1127 ε
3176 1043 3553 1129 Locutus
3603 1066 3738 1130 est
3786 1073 4132 1158 quoque
4182 1048 4345 1134 Sa-

1534 1156 1823 1242 lomon
1882 1164 2054 1249 tria
2115 1168 2389 1250 millia
2418 1169 2893 1280 parabolas
2959 1227 2991 1274 ,
3079 1167 3186 1260 &a
3254 1171 3627 1271 fuerunt
3686 1173 4075 1256 carmina
4156 1176 4346 1257 eius

1532 1284 1919 1397 quinque
1951 1345 1982 1391 ‚
2045 1287 2151 1379 <36
2202 1293 2485 1398 mille,
2548 1291 2655 1383 ὀί
2716 1296 3200 1408 disputavit
3253 1322 3513 1408 super
3573 1297 3836 1414 lignis
3900 1325 3956 1381 a
4023 1297 4275 1382 cedro
4306 1349 4343 1403 ,

1536 1412 1694 1517 qui
1744 1432 1878 1494 est
1920 1413 2011 1495 in
2076 1416 2363 1500 libano
2425 1445 2701 1530 usque
2755 1423 2876 1505 ad
2921 1421 3387 1535 hyssopum
3414 1476 3446 1524 ,
3507 1423 3662 1531 qai
3718 1423 4162 1538 egreditar
4223 1424 4340 1507 de

1520 1535 1920 1642 pariete:
1985 1535 2091 1628 <36
2142 1541 2548 1625 disseruit
2595 1546 2704 1627 cle
2729 1547 3151 1657 jumentis
3186 1603 3214 1649 ,
3277 1546 3386 1629 cle
3434 1546 3920 1630 volucribus
3953 1604 3984 1651 ,
4046 1543 4153 1636 ὁὸ
4193 1574 4340 1633 re-

1519 1658 1893 1768 ptilibus
1927 1718 1959 1765 ,
2021 1660 2127 1752 (36
2165 1666 2558 1776 piscibus
2626 1724 2652 1751 .
2742 1667 2919 1753 Alii
2968 1674 3061 1752 in
3104 1668 3209 1752 H.
3270 1666 3625 1782 Paralip.
3691 1670 4102 1757 librorum
4177 1700 4344 1758 au·
4448 1716 4454 1724 ·

1537 1798 1819 1868 ctores
1857 1786 2384 1875 ‘referuntur
2419 1849 2448 1894 ,
2512 1790 2887 1879 Semeias
2923 1798 3348 1880 nimirum
3380 1814 3733 1908 cap.x11.
3795 1826 3885 1885 v.
3935 1828 3969 1882 1
3994 1824 4079 1910 5.
4117 1850 4151 1899 ,
4180 1801 4340 1910 qui

1532 1904 1973 1998 historiam
2038 1919 2375 2029 scripsit
2426 1918 2690 2036 Regis
2742 1922 3132 2006 Roboam
3167 1952 3197 2024 ς
3262 1919 3468 2012 Iehu
3504 1919 3725 2004 filius
3756 1921 4060 2006 Anani
4090 1940 4337 2009 mxx.

1536 2061 1622 2118 v.
1664 2064 1812 2152 34.
1860 2093 1893 2142 ‚
1957 2044 2109 2152 qui
2161 2059 2394 2159 gesta
2423 2045 2856 2156 Josaphat
2888 2102 2920 2149 ,
2980 2066 3070 2131 et
3152 2048 3494 2164 Regum
3567 2045 3838 2130 Israel
3904 2045 4252 2162 digessit
4299 2079 4332 2152 ς

1534 2158 1804 2247 Hozai
1865 2164 2019 2275 qui
2077 2163 2184 2250 de
2240 2170 2690 2254 sceleribus
2739 2171 3170 2258 Manasse
3233 2171 3495 2257 verba
3549 2170 3760 2255 fecit
3786 2229 3809 2254 .
3876 2172 4121 2256 isaias
4156 2231 4188 2276 ,
4247 2171 4348 2261 ἃ

1520 2281 1932 2398 Jeremias
1995 2317 2181 2376 non
2251 2295 2532 2380 solum
2600 2299 2980 2381 extantia
3068 2322 3374 2381 eorum
3437 2298 3850 2383 vaticinia
3913 2355 3946 2401 ‚
4025 2324 4337 2385 verum

1531 2417 1796 2500 etiam
1861 2418 2023 2500 alia
2075 2417 2525 2506 volumina
2580 2426 3222 2536 conscripsere:
3289 2419 3438 2504 Ille
3488 2419 3843 2535 quidem
3875 2422 4191 2508 librum
4221 2422 4337 2513 de

1530 2540 1784 2624 rebus
1802 2545 2073 2660 ‚gestis
2111 2542 2365 2630 Oziae
2396 2547 2660 2664 Regis
2691 2567 2948 2661 prout
2979 2546 3079 2630 Il.
3115 2547 3470 2658 Paralip.
3509 2575 3691 2658 cap.
3729 2566 3975 2635 xxv1.
4046 2577 4131 2634 v.
4172 2576 4328 2635 22.

1528 2663 1843 2782 legitur
1876 2727 1905 2774 ‚
1952 2672 2355 2781 ‘itemque
2410 2699 2599 2786 cap.
2641 2692 2914 2755 xxxn.
2979 2704 3067 2754 v.
3110 2700 3258 2788 32.
3299 2728 3331 2776 ,
3391 2669 3501 2756 de
3544 2677 3800 2789 gestis
3853 2673 4267 2759 Ezechiae
4296 2732 4328 2782 ‚

1529 2808 1620 2874 et
1682 2793 2465 2883 misericordiarum
2514 2803 2693 2883 eius
2728 2857 2749 2884 .
2813 2799 3090 2882 Alteri
3144 2824 3354 2884 vero
3418 2825 3605 2910 cap.
3661 2795 3964 2882 eodem
4027 2817 4114 2885 V.
4177 2828 4322 2885 12.

1525 2913 2036 3005 adscribitur
2085 2924 2300 3007 liber
2355 2929 2826 3038 emptionis
2864 2984 2892 3026 ‚
2958 2943 3046 3007 et
3110 2922 3705 3026 venditionis3
3772 2923 4177 3006 Similiter
4209 2929 4332 3009 ei·

1524 3038 1723 3126 dem
1785 3050 2193 3134 tribuitur
2251 3051 2466 3134 liber
2520 3054 3307 3135 comminationum
3364 3105 3395 3152 ,
3455 3051 3635 3134 sive
3700 3049 4328 3163 indignationis

1520 3169 1882 3257 Domini
1947 3193 2256 3258 contra
2312 3175 2564 3258 Israel
2613 3231 2647 3280 9
2736 3172 2825 3259 81
2871 3172 3181 3289 Judam
3246 3200 3433 3286 cap.
3472 3192 3779 3263 xxxvl.
3848 3205 3935 3261 v.
3977 3201 4061 3256 2.
4129 3234 4159 3278 ‚
4223 3202 4326 3262 ac

1518 3294 1736 3381 liber
1796 3296 1906 3384 de
1972 3301 2432 3413 Babylonis
2498 3303 2975 3389 vastatione
3026 3360 3057 3404 ,
3146 3303 3297 3410 qui
3368 3328 3555 3413 cap.
3589 3322 3668 3384 L.
3730 3299 3816 3386 ἃ
3869 3320 3983 3382 LI.
4051 3331 4135 3388 v.
4175 3304 4325 3417 63.

1519 3446 2023 3512 recensetur
2059 3456 2092 3509 ε
2154 3428 2534 3513 Ulterius
2597 3430 2811 3511 liber
2873 3424 3559 3536 descriptionum
3624 3431 3718 3509 in
3767 3426 3865 3507 ΙΙ.
3920 3424 4318 3511 Machab.

1517 3575 1706 3664 cap.
1746 3572 1837 3637 11.
1898 3585 1983 3642 v.
2028 3575 2085 3636 1.
2155 3573 2879 3640 commemoratus
2948 3609 2971 3634 .
3040 3548 3402 3636 Codices
3465 3548 3827 3636 tandem
3895 3548 4256 3637 aderant
4289 3611 4321 3658 ‚

1514 3704 1888 3788 quorum
1944 3685 2282 3766 mentio
2340 3685 2435 3766 in
2503 3681 2734 3764 libris
2783 3675 3180 3761 Machab.
3236 3681 3613 3762 occurrit
3647 3732 3676 3781 ,
3737 3678 3948 3759 liber
3996 3704 4323 3788 nempe

1511 3800 1850 3889 dierum
1911 3805 2417 3909 sacerdotii,
2481 3804 2568 3889 8<
2621 3805 3168 3913 principatus
3226 3802 3590 3888 Hircani
3657 3806 3750 3884 in
3814 3804 4097 3913 primo
4135 3801 4324 3886 Ma·-

1510 3928 1753 4013 chab.
1810 3955 1998 4040 cap.
2037 3949 2221 4018 XVI.
2273 3960 2355 4014 v.
2398 3955 2545 4037 24.
2581 3987 2612 4035 ,
2674 3926 2761 4013 ἃ
2817 3923 3204 4022 secundo
3250 3953 3437 4041 cap.
3471 3948 3564 4011 11.
3613 3958 3696 4014 v.
3739 3953 3885 4033 24.
3928 3985 3956 4029 ‚
3991 3925 4326 4012 itidem·

1511 4078 1686 4165 que
1740 4054 1934 4136 libri
1985 4058 2380 4168 quinque
2402 4056 2735 4171 Jasonis
2781 4051 3218 4166 Cyrenaei
3264 4109 3293 4156 ,
3360 4082 3576 4164 quos
3610 4071 3908 4150 auctor
3952 4051 4323 4137 secundi

1509 4178 1702 4263 libri
1751 4178 2144 4266 Machab.
2213 4198 2579 4265 testatur
2644 4207 2733 4265 se
2791 4206 2980 4262 uno
3049 4177 3495 4265 volumine
3571 4181 3988 4264 breviasse
4047 4235 4070 4259 .
4132 4179 4320 4265 Ha-

1508 4325 1821 4390 ctenus
1878 4308 2325 4393 enucleata
2360 4365 2391 4410 ‚
2454 4311 2786 4418 aliaque
2850 4304 3124 4390 multa
3175 4320 3571 4389 veterum
3626 4301 4145 4421 Judaeorum
4177 4332 4324 4391 vo-
4425 4301 4432 4305 ’

1507 4438 1841 4522 lumina
1879 4494 1908 4540 ‚
1972 4437 2133 4518 etsi
2189 4436 2444 4516 sacris
2481 4490 2510 4537 ‚
2574 4459 2793 4545 quae
2843 4448 3311 4541 supersunt
3345 4488 3376 4535 ,
3439 4458 3543 4514 ex
3589 4449 3831 4542 parte
3869 4433 4123 4513 insita
4158 4436 4318 4514 exi·-

1507 4567 1976 4647 stimentur
2008 4621 2032 4658 ,
2097 4555 2574 4644 dolendum
2625 4584 2836 4640 sane
2872 4614 2903 4661 ,
2967 4553 3200 4668 quod
3261 4560 3920 4672 ingravescente
3959 4553 4318 4670 Judaeo-

1505 4716 1704 4773 rum
1736 4684 2057 4770 desidia
2091 4742 2123 4790 ,
2183 4701 2444 4794 atque
2470 4684 3019 4799 improbitate
3053 4741 3083 4789 ,
3145 4679 3479 4766 fuerint
3507 4684 4064 4792 consumpti.
4129 4679 4313 4794 Ap-

1503 4803 1780 4930 posite
1838 4810 1922 4895 S.
1959 4810 2339 4926 Joannes
2387 4809 3053 4926 Chrysostomus
3099 4834 3546 4921 exponens
3602 4808 3738 4890 illa
3795 4832 3872 4890 c.
3904 4823 3996 4885 11.
4036 4835 4120 4891 v.
4154 4834 4309 4923 23.

1505 4939 1821 5025 Matth.
1877 4935 2126 5031 Ὀπως
2195 4942 2562 5057 vangas-&ii
2620 4933 2701 5019 τὸ
2758 4930 2964 5051 ῥηθὲν
3013 4934 3153 5016 ὥιὰ
3201 4930 3334 5017 τῶν
3391 4937 3754 5036 «προφητῶν
3806 4990 3833 5031 ‚
3895 4922 3993 5011 δ’τι
4043 4936 4318 5044 Ναζω-

1510 5063 1692 5183 ραῖὀς
1761 5061 2201 5166 κληθήσεται
2237 5119 2260 5143 .
2329 5065 2451 5149 Ut
2499 5065 2993 5178 impleretur
3029 5117 3059 5166 ,
3123 5061 3364 5174 quod
3388 5061 3715 5147 dictam
3748 5075 3884 5142 est
3898 5085 4070 5171 pet·
4097 5059 4326 5143 Pro-‘-

4077 5181 4311 5293 pke-
