4913 6618
2259 545 2264 551 ·
3230 539 3415 665 πασς)

613 677 686 752 4,
743 645 1121 734 n'umero
1173 637 1342 732 filit
1381 639 1672 728 etiam
1739 631 2071 722 Samius
2135 633 2277 720 ille
2355 626 2957 752 Pythagorasg
3051 636 3227 754 Qui
3304 647 3407 730 in

614 769 1254 888 „Aegyptum
1319 762 1822 877 profectus,
1881 761 2220 848 illorum
2275 756 2780 872 disciplinae
2855 790 2946 848 se
2997 791 3089 849 se
3142 763 3411 852 tradi-

616 956 684 1007 „
747 891 1008 982 disset
1040 952 1070 998 ‚
1127 914 1327 979 tum
1382 889 1800 1000 requuam
1848 885 2475 1000 Philosophiam
2528 888 2856 999 primus
2945 892 3038 976 in
3137 886 3409 978 Grae-

616 1078 687 1129 „
748 1021 974 1104 ciam
1022 1020 1321 1104 intulit
1356 1070 1389 1120 ,
1449 1012 1840 1101 tum-Bm.
1880 1071 1943 1117 ‚‚
2003 1012 2310 1124 Neque
2343 1008 2816 1124 quidquam
2848 1012 3110 1098 refert
3142 1074 3173 1120 ‚
3236 1017 3407 1110 1s0-,

612 1163 940 1232 cratem
994 1141 1105 1230 de
1157 1142 1568 1260 Aegypto
1615 1142 2100 1256 generatim
2129 1196 2158 1241 ,
2224 1164 2409 1224 non
2465 1162 2673 1222 vero
2721 1134 2830 1224 de
2871 1137 3158 1226 Thani
3193 1197 3226 1244 ‚
3254 1169 3414 1230 seu

612 1270 908 1358 Thebe
972 1270 1381 1382 peculiari
1453 1261 1716 1354 modo
1776 1289 2270 1352 sermonem
2318 1267 2774 1348 instituere
2829 1292 2862 1367 ς
2961 1263 3406 1378 Siquidem

611 1419 824 1482 cum
885 1395 1212 1480 'I'hanis
1267 1410 1491 1480 esset
1537 1388 2006 1478 Pharaonis
2071 1389 2340 1504 Regia
2377 1447 2406 1492 ‚
2466 1416 2566 1473 ac
2600 1389 2834 1475 inter
2861 1390 3343 1482 Busiridem
3376 1452 3408 1500 ‚

611 1518 1320 1632 Pharaonemque
1364 1513 1538 1603 duo
1589 1535 1942 1603 tantum
1995 1517 2443 1632 regnarint
2478 1570 2511 1617 ‚
2570 1515 3065 1600 Thermusis
3133 1523 3408 1612 nimi-2

611 1672 814 1732 rum
847 1702 879 1744 ‚
937 1644 1028 1734 ἃ
1084 1647 1406 1731 Zotoris
1438 1701 1473 1748 ,
1533 1645 1733 1728 satis
1797 1642 2005 1726 hinc
2069 1654 2411 1724 constat
2473 1636 2847 1728 eandem
2899 1640 3161 1730 fuisse
3223 1645 3407 1729 Bu..

607 1768 885 1856 siridis
913 1827 945 1874 ‚
1006 1769 1504 1857 Thermusis
1521 1827 1557 1873 s
1616 1766 1948 1852 Zotoris
1973 1822 2004 1869 ‚
2037 1793 2136 1850 ac
2181 1764 2639 1848 Pharaonis
2696 1761 2987 1851 sedem
3025 1826 3056 1870 ‚
3116 1764 3403 1856 videli-

615 1913 760 1981 cet
806 1895 1251 1982 Thanhn.
1316 1889 1705 1978 Aliunde
1755 1917 1966 1979 vero
2015 1909 2355 1980 certum
2418 1904 2549 1974 est
2600 1949 2639 1994 ,
2693 1892 2812 1975 ibi
2857 1890 3064 1980 olim
3113 1898 3404 1990 scien-2

608 2023 770 2106 tias
833 2023 927 2104 in
991 2016 1399 2138 Aegypto
1462 2020 2008 2134 potissimum
2062 2011 2450 2110 floruisse
2514 2070 2551 2119 2
2646 2017 2798 2102 ubi
2847 2015 3142 2108 sedem
3174 2021 3406 2140 fige·-

606 2161 810 2231 rent
875 2147 1402 2259 imperantes
1469 2203 1494 2228 .
1595 2142 1802 2230 Non
1865 2163 2002 2230 est
2063 2144 2325 2258 igitur
2390 2198 2425 2244 ‚
2485 2138 2719 2251 quod
2776 2137 3404 2255 Memphiticae

455 2290 460 2296 ⁴
607 2268 978 2358 dialecto
1029 2267 1512 2384 amplitudo
1545 2324 1578 2374 ‚
1639 2272 2043 2370 ubertas,
2101 2267 2580 2356 Thebaicae
2642 2294 2857 2356 vero
2905 2272 3203 2382 inopia
3259 2277 3405 2360 tri-.-

607 2397 924 2481 buatur
946 2453 982 2502 ,
1040 2423 1218 2508 quo
1268 2401 1654 2510 primum
1711 2413 2108 2506 tempore
2165 2389 2479 2482 Graeci
2556 2394 2848 2484 coloni
2935 2393 3162 2506 apud
3231 2393 3407 2486 Ae·-

606 2525 952 2636 gyptios
1018 2540 1498 2634 coeperunt
1546 2545 2004 2638 apparere.
2071 2517 2175 2606 In
2233 2521 2497 2606 hacce
2543 2547 2804 2631 porro
2858 2546 3018 2602 nos
3069 2525 3399 2634 opinio·

608 2672 728 2730 ne
793 2644 932 2733 vel
999 2650 1231 2759 ipsae
1297 2644 1680 2763 Aegypti
1748 2641 2384 2794 Geographicae
2472 2646 3005 2736 observation
3016 2672 3105 2732 es
3197 2675 3404 2735 con·

608 2769 1021 2856 firmant.
1083 2770 1476 2857 Nobilior
1527 2770 1734 2859 haec
1799 2774 2158 2860 caeteris
2226 2769 2578 2864 Africae
2673 2770 3050 2885 partibus
3113 2777 3349 2890 regio
3372 2830 3407 2881 ‚

605 2925 870 3010 quam
927 2896 1174 2982 Nilus
1226 2922 1527 2982 secans
1591 2894 1974 3006 pluribus
2029 2898 2263 2984 ostiis
2319 2924 2410 2984 se
2450 2922 2543 2982 se
2579 2892 2687 2984 ad
2742 2921 2977 2986 mare
3009 2896 3403 2988 Herculis

601 3024 1133 3125 internum,
1191 3047 1342 3106 scu
1383 3017 2111 3108 mediterraneum
2174 3018 2548 3108 effundit
2581 3076 2614 3124 ,
2673 3023 2775 3110 in
2806 3022 3337 3133 superiorem
3364 3081 3399 3133 ‚
3439 3103 3448 3111 .

602 3144 694 3231 ἃ
744 3080 1246 3236 inferiorem
1300 3142 1889 3233 dividebatur.
1956 3147 2194 3234 Pars
2214 3148 2600 3262 superior
2630 3171 2883 3260 supra
2915 3149 3398 3240 sectionem

604 3269 785 3357 Nili
836 3273 1230 3383 jacebat,
1289 3273 1440 3359 ubi
1497 3299 1589 3357 se
1649 3269 2028 3360 scindit
2001 3303 2100 3361 m
2155 3274 2438 3387 plures
2464 3273 2806 3363 alveos.
2873 3271 3401 3367 Inferior-111-

604 3398 839 3483 clusa
902 3418 1083 3484 erat
1136 3402 1368 3484 intra
1420 3398 1669 3483 Delta
1699 3454 1734 3502 ‚
1794 3427 1970 3513 qua
2028 3395 2138 3486 de
2190 3429 2445 3513 supra
2477 3396 2905 3489 diximus.
2970 3394 3137 3487 Sed
3167 3428 3405 3515 pres·

604 3526 779 3607 sius
815 3580 840 3605 .
905 3525 1191 3611 Habet
1241 3522 1690 3641 Aegyptus
1745 3520 1854 3609 ad
1883 3524 2246 3612 Boream
2299 3551 2538 3611 mare
2600 3524 3131 3615 Herculeum
3165 3583 3197 3632 ,
3289 3523 3401 3614 ad

599 3665 894 3735 ortum
952 3655 1248 3735 sinum
1302 3646 1774 3736 Arabicum
1803 3708 1838 3754 ,
1893 3667 2158 3763 atque
2188 3649 2865 3764 Arsinoytarum
2914 3650 3333 3739 isthmum
3366 3712 3401 3759 ‚

603 3801 761 3861 seu
818 3773 1230 3861 Posidiun
1271 3832 1302 3878 ,
1363 3771 1472 3859 ad
1533 3773 1988 3877 meridiem
2043 3776 2529 3891 Ethiopiam
2562 3832 2593 3879 ‚
2653 3771 2762 3861 ad
2794 3801 3194 3864 occasum
3226 3775 3402 3893 Cy·-

601 3904 1044 3987 renaicam
1103 3959 1129 3985 .
1195 3901 1397 4010 Ejus
1463 3905 1865 3987 extensio
1950 3930 2002 3989 a
2078 3900 2441 3991 meridie
2521 3895 2630 3985 ad
2709 3902 3403 4014 septentrionem

598 4026 1214 4139 complectitur
1268 4026 1552 4111 leucas
1612 4030 1958 4115 circiter
2017 4048 2384 4117 centum
2418 4083 2450 4130 ,
2511 4022 2600 4115 ἃ
2660 4031 3200 4145 septuaginta
3234 4087 3264 4134 ‚
3298 4056 3399 4123 ac

602 4154 922 4266 incipit
969 4179 1027 4235 a
1070 4154 1795 4269 vigesimoquarto
1857 4150 2125 4270 gradu
2176 4148 2656 4245 latitudinis
2698 4156 3345 4265 septentionalis
3363 4212 3396 4261 ‚

599 4273 1097 4391 desinitque
1159 4294 1360 4391 post
1407 4280 1948 4395 trigesimum
2012 4280 2402 4392 primum
2449 4332 2474 4356 .
2562 4273 2705 4363 Ab
2766 4274 3223 4375 occidente
3289 4276 3399 4371 ad

598 4421 894 4489 ortum
956 4403 1239 4489 leucas
1296 4406 1704 4490 continet
1762 4420 2129 4491 centum
2173 4400 2259 4490 ἃ
2307 4428 2452 4487 sex
2517 4458 2549 4505 ‚
2613 4420 2874 4515 atque
2959 4401 3402 4516 protendi·

600 4547 747 4615 tur
800 4557 853 4614 a
907 4530 1425 4644 sexagesimo
1479 4533 1766 4643 prImo
1822 4525 2297 4614 latitudinis
2344 4522 2614 4646 gradu
2641 4527 2748 4614 ad
2778 4531 3398 4649 sexagesimum

599 4672 998 4741 sextum.
1060 4654 1191 4740 Ex
1257 4649 1780 4771 Geographis
1835 4671 2176 4741 constat
2239 4648 2738 4767 Memphim
2827 4653 3037 4741 olim
3138 4652 3402 4747 fuisse

599 4804 871 4895 prope
928 4775 1434 4871 hodiernam
1497 4781 1806 4865 urbem
1870 4779 2217 4867 Caicum
2253 4837 2285 4885 ‚
2344 4781 2503 4865 sub
2555 4783 3003 4898 trigesimo
3048 4784 3394 4869 circiter

596 4904 970 4992 Borcalis
1028 4899 1460 4991 latitudin
1435 4933 1506 4986 ιε
1575 4902 1909 5022 gradu3
1975 4905 2298 4990 Tanim
2349 4931 2565 4993 vero
2597 4962 2630 5012 ‚
2689 4923 2982 5025 postea
3026 4905 3323 4995 Thebe
3353 4964 3388 5012 ,

597 5056 852 5118 nunc
914 5030 1315 5150 Girgium
1365 5031 1740 5145 positam
1779 5027 2036 5117 fuisse
2071 5087 2106 5133 ‚
2158 5045 2259 5116 ut
2313 5025 2650 5123 dictum
2704 5050 2835 5122 est
2864 5088 2899 5140 ,
2959 5027 3068 5117 ad
3156 5033 3393 5123 intra

2029 5156 2111 5268 Q
2174 5138 2234 5238 i
2928 5138 2943 5151 ’
3254 5182 3391 5240 re·
