4913 6618
1461 574 1575 657 18

1439 679 2042 803 'antiquissima
2078 688 2466 805 quidem,
2498 690 2583 780 ἃ
2609 693 3064 780 veterrima
3084 716 3343 778 secun
3357 687 3566 778 dum
3599 695 4258 805 inspirationem

1449 820 1764 906 factam
1828 853 1871 905 a
1932 822 2118 904 Deo
2173 821 2891 937 cognoscentibus
2959 877 2982 899 .
3056 878 3078 900 .
3153 880 3175 902 .
3247 879 3269 902 .
3338 819 3628 904 Tanto
3684 820 4017 904 saeculo
4080 822 4255 927 jam

1449 953 1914 1060 praeterito
1952 1009 1977 1043 ,
2022 976 2303 1056 neque
2370 944 2736 1055 adjicere
2796 948 3261 1055 quicquam
3312 948 3610 1056 aliquis
3676 1004 3702 1047 ,
3762 976 3928 1030 nec
3979 946 4252 1030 au‘fer-

1449 1100 1546 1156 re
1576 1134 1603 1175 9
1640 1102 1806 1155 nec
1864 1071 2474 1158 transformare
2544 1074 3110 1183 praesumpsit
3148 1131 3170 1153 .
3243 1071 3675 1153 Omnibus
3708 1068 4252 1158 enim'inscr-

1448 1216 1642 1282 tum
1713 1218 1840 1282 est
1898 1227 2098 1282 mox
2145 1227 2243 1283 fx
2290 1204 2568 1311 prima
2612 1202 3172 1313 generatione
3218 1194 3550 1314 Judaeis
3607 1258 3635 1300 ,
3691 1196 3893 1284 haec
3953 1196 4250 1285 divina

1448 1321 1849 1435 dogmata
1914 1329 2370 1410 nominare
2406 1386 2432 1425 ‚
2463 1326 2546 1410 ἅ
2609 1327 2695 1404 in
2767 1326 2889 1408 his
2956 1326 3258 1434 utique
3304 1350 3809 1434 permanere
3852 1356 3881 1426 ς
3941 1326 4024 1411 ἃ
4064 1352 4247 1438 pro·

1448 1469 1738 1561 pterea
1780 1510 1806 1551 ‚
1843 1454 1905 1531 si
1969 1468 2307 1561 oportet
2345 1510 2375 1552 ‚
2431 1453 2657 1535 mori
2717 1449 3086 1532 libenter
3148 1507 3170 1529 .
3229 1451 3417 1566 Jam
3467 1452 3751 1561 itaque
3808 1451 4058 1536 multi
4108 1480 4243 1536 ca-

1443 1578 1883 1686 ptivorum
1941 1575 2447 1687 frequenter
2500 1579 2959 1658 tormentis
3015 1575 3304 1658 affecti·
3333 1595 3540 1658 sunt
3576 1633 3603 1677 ,
3633 1575 3720 1661 ἃ
3751 1597 4067 1663 mortes
4101 1609 4244 1667 va-

1440 1704 1603 1782 rias
1647 1705 1750 1784 in
1800 1703 2148 1784 theatris
2214 1707 2701 1785 sustinuere
2737 1759 2766 1803 ,
2827 1727 2944 1785 ne
2997 1701 3271 1783 ullum
3331 1702 3692 1786 verbum
3758 1726 4060 1792 contra
4124 1709 4241 1791 le-

1440 1853 1588 1941 ges
1637 1823 2203 1909 admitterent
2242 1848 2449 1929 ‚aut
2511 1826 3190 1937 conscriptiones
3256 1829 3519 1910 avitas
3585 1828 4004 1914 violarent
4074 1888 4095 1911 .
4171 1892 4236 1939 ‚‚

1437 1953 1678 2036 Hinc
1746 1969 1907 2034 stat
1962 1949 2326 2068 Judaeos
2382 1953 2582 2037 dolo
2619 1953 2844 2035 malo
2881 2011 2909 2055 ,
2943 1977 3118 2060 quo
3149 1970 3541 2061 tempore
3585 1950 3767 2033 Lex
3825 1953 4240 2069 M'osayca

1437 2082 1714 2195 viguit
1747 2137 1777 2180 ‚
1807 2079 2062 2163 libros
2118 2106 2390 2164 sacros
2448 2081 2822 2164 minime
2873 2072 3369 2186 depravasse
3409 2136 3435 2179 a
3469 2097 3729 2185 atque
3776 2079 3954 2161 illos
4014 2111 4243 2194 prae·

1436 2208 1789 2305 sertim,
1824 2209 1976 2318 qui
2036 2209 2193 2289 sub
2258 2207 2729 2291 Pontificiis
2780 2206 3003 2286 curis
3069 2204 3715 2288 asservabantur
3769 2261 3792 2284 .
3865 2204 4030 2289 Sed
4084 2236 4236 2292 ne-

1432 2355 1606 2441 que
1659 2351 1852 2441 post
1895 2329 2441 2444 Reparatoris
2502 2330 2978 2416 adventum
3033 2332 3128 2409 in
3175 2347 3525 2411 tantum
3586 2330 4073 2437 conjurasse
4129 2333 4238 2418 fa-

1430 2458 1752 2541 cinoris
1790 2485 1995 2566 ‚par
2061 2475 2188 2539 est
2243 2460 2709 2569 suspicari.
2778 2455 3208 2540 Praeclare
3270 2453 3526 2537 hacce
3584 2452 3691 2537 de
3751 2482 3845 2538 re
3909 2456 3992 2539 S.
4030 2461 4231 2544 Hie·

1426 2607 1856 2690 ronymus
1918 2584 2017 2661 in
2089 2581 2346 2665 Isaiae
2404 2609 2590 2694 cap.
2630 2601 2754 2669 Vr.
2826 2581 3116 2663 scribit
3185 2611 3207 2659 ε
3279 2577 3366 2659 Si
3434 2576 3805 2663 dixerint
3875 2584 4136 2696 aliqui
4197 2647 4230 2691 ‚

1423 2724 1619 2818 post
1666 2702 2143 2792 adventum
2191 2709 2553 2791 Domini
2591 2708 3036 2791 Salvatoris
3074 2702 3213 2805 ,ἃ
3241 2701 3970 2812 praedicationem
4003 2708 4228 2821 Apo-

1420 2831 1840 2915 stolorum
1873 2891 1904 2938 ,
1938 2831 2190 2917 libros
2238 2834 2669 2916 Hebraeos
2733 2829 2993 2913 finisse
3038 2826 3369 2912 falsatos
3427 2885 3457 2931 ‚
3513 2831 4041 2915 cachinnum
4104 2854 4229 2920 te-

1420 2982 1638 3039 nere
1704 2985 1890 3040 non
1934 2980 2234 3069 potero
2271 3020 2300 3064 ,
2334 2978 2433 3041 ut
2493 2958 2928 3058 Salvator,
2960 2952 3047 3038 ἃ
3108 2954 3497 3066 Apostoli
3553 2960 3669 3038 ita
3722 2960 4221 3046 testimonia

1416 3084 1941 3193 protulerint
1978 3144 2005 3188 ,
2040 3104 2138 3169 ut
2185 3083 2484 3202 Judaei
2541 3103 2837 3195 postea
2885 3080 3264 3164 falsaturi
3312 3100 3563 3201 erant
3595 3139 3656 3184 ‚‚
3721 3140 3742 3162 .
3811 3082 3957 3165 Nil
4020 3084 4227 3170 Hie-

1416 3234 1799 3320 ronymo
1851 3213 2146 3292 minus
2210 3210 2848 3321 Scripturarum
2912 3209 3221 3292 veteris
3302 3204 3665 3290 foederis
3750 3211 4225 3327 integritati

1417 3331 1649 3419 favet
1713 3331 1798 3416 S.
1843 3332 1939 3416 P.
1985 3334 2526 3453 Augustinus
2580 3339 2675 3418 in
2746 3336 3102 3416 lib.x111.
3163 3330 3271 3415 de
3327 3332 3591 3420 Civit.
3651 3334 3812 3417 Dei
3846 3363 4033 3448 cap.
4075 3368 4217 3454 1-3.

1413 3462 1888 3570 inquiens:
1957 3457 2231 3545 Anne
2297 3458 2700 3546 credibile
2750 3480 2879 3545 est
2909 3464 3136 3572 ipsos
3169 3455 3604 3543 codicibus
3652 3467 3823 3544 suis
3856 3462 4222 3549 voluisse

1416 3588 1749 3696 eripere
1815 3590 2269 3672 veritatem
2304 3646 2335 3691 ,
2388 3607 2490 3672 ut
2545 3592 2795 3673 novis
2850 3590 3285 3694 eriperent
3342 3584 3948 3671 authoritatem
3985 3646 4015 3692 ‚
4082 3592 4222 3677 vel

1410 3737 1572 3823 per
1630 3726 1918 3797 totum
1976 3716 2273 3797 orbem
2333 3707 2750 3825 dispersos
2841 3714 3218 3823 potuisse
3303 3712 3408 3789 in=
3478 3710 3638 3795 hoc
3725 3718 4218 3823 conspirare

1408 3835 1647 3918 nullo
1704 3836 2366 3921 contradicente
2398 3835 2442 3918 22
2485 3895 2507 3917 .
2543 3894 2564 3914 .
2606 3894 2628 3916 .
2666 3836 2919 3918 Absit
2984 3850 3083 3916 ut
3137 3830 3518 3944 prudens
3554 3841 3979 3951 quispiam
4012 3896 4040 3942 ,
4074 3844 4218 3926 vel

1396 3959 1757 4075 Judaeos
1804 3961 2259 4068 cujuslibet
2301 3962 2877 4069 perversitatis
2914 4017 2942 4062 ‚
2967 3976 3227 4071 atque
3281 3960 3652 4046 malitiae
3683 3980 4037 4049 tantum
4068 3992 4214 4076 po-

1404 4090 1669 4167 tuisse
1725 4081 2018 4168 credat
2063 4088 2159 4168 in
2230 4080 2664 4169 codicibus
2717 4100 2901 4170 tam
2954 4087 3249 4170 multis
3285 4143 3314 4190 ‚
3347 4087 3433 4174 81
3488 4104 3671 4173 tam
3722 4091 3980 4207 longe
4009 4090 4209 4176 late-

1403 4238 1579 4322 que
1628 4208 2022 4322 dispersis
2059 4269 2123 4317 „
2175 4267 2198 4291 .
2262 4210 2527 4293 Hisce
2555 4227 2852 4295 tamen
2891 4216 3430 4321 acquiescere
3462 4212 3952 4302 detrectant
3985 4243 4213 4302 non·

1401 4337 1625 4417 nulli
1690 4341 1813 4419 sic
1876 4337 2443 4422 reclamantes
2478 4394 2502 4419 .
2560 4333 2920 4452 Judaeos
2953 4321 3448 4424 Hebraeum
3481 4341 3858 4428 Textum
3896 4346 4203 4455 aliqua-

1397 4477 1658 4544 tenus
1722 4459 2229 4547 adulterasse
2266 4520 2297 4567 ,
2359 4461 2569 4547 facti
2616 4491 2750 4547 res
2813 4485 3006 4567 est;
3073 4484 3172 4549 ut
3240 4462 3449 4575 quid
3507 4468 3755 4553 aliter
3816 4475 4202 4554 sentien-

1395 4582 1609 4671 dum
1638 4583 1683 4669 ’ἓ
1718 4588 1958 4675 Facti
2022 4614 2155 4671 res
2221 4605 2351 4672 est
2373 4649 2402 4693 ,
2433 4593 2862 4700 inquiunt
2897 4647 2928 4695 ‚
2959 4594 3054 4674 in
3102 4591 3439 4676 Psalmo
3471 4597 3714 4679 enim
3747 4614 3961 4708 Xxn.
4011 4625 4194 4708 v.9.

1397 4738 1822 4848 scriptum
1875 4737 2085 4821 olim
2147 4735 2371 4820 fuit:
2443 4750 2542 4848 ’1¹3
2578 4746 2703 4849 ΝΞ
2765 4740 3208 4825 Foderunt
3235 4772 3546 4829 manus
3569 4776 3804 4833 meas
3839 4807 3862 4832 .
3930 4746 4200 4837 Nunc

1398 4911 1609 4971 vero
1656 4886 2026 5002 legitur:
2101 4898 2202 4998 ’Ἱζ
2230 4898 2393 5005 ’Ἶζξξ
2454 4881 2700 4976 Sicut
2763 4892 2891 4977 leo
2944 4922 3256 4978 manus
3318 4927 3554 4985 meas
3619 4960 3641 4982 .
3708 4900 4034 4985 Pariter
4095 4907 4195 4987 in

1394 5020 1734 5120 Psalmo
1787 5053 1996 5128 XCV.
2060 5069 2146 5126 v.
2188 5071 2273 5157 9.
2328 5037 2775 5157 quondam
2830 5042 3316 5164 legebaturz
3353 5050 3638 5135 Dicite
3666 5053 3757 5133 in
3781 5056 4197 5173 ⁴qis-nribus

3984 5228 4193 5316 qum
