4913 6618
1498 597 1534 653 1
1566 599 1599 657 1

1490 599 1693 781 ustis
1746 708 1966 779 esset
1997 718 2254 807 opera
2278 749 2313 798 ‚
2371 712 2473 779 ut
2513 683 2624 777 de
2651 692 2905 777 tertia
2950 681 3314 775 dialecto
3378 681 3866 775 erudiretur
3931 746 3963 793 ,
4023 686 4311 778 voluit

1491 822 2055 907 intercessore
2111 817 2452 923 Anxie,
2510 817 3239 933 Huntingtonum
3274 873 3303 914 ,
3358 820 3634 928 quiin
3674 813 4084 933 Aegypto
4114 816 4305 904 fise-

1488 964 1622 1031 rat
1685 1004 1716 1051 ,
1776 944 2225 1032 consulere
2289 1004 2314 1028 .
2381 945 2459 1029 Is
2518 972 2728 1032 vero
2787 941 3048 1028 Alixii
3113 944 3336 1027 votis
3402 968 3589 1028 sese
3651 959 4097 1053 praestans
4153 968 4298 1027 re-

1485 1073 1826 1184 scripsit
1857 1125 1884 1151 .
1948 1071 2213 1156 Nunc
2262 1072 2528 1154 etiam
2586 1068 3099 1184 respondere
3153 1067 3408 1148 liceat
3482 1068 3865 1179 ejusdem
3921 1069 4040 1152 D.
4101 1066 4300 1151 Pic-

1487 1221 1698 1308 ques
1759 1196 2247 1308 quaestioni
2297 1196 2407 1278 de
2464 1196 2736 1279 tribas
2789 1192 3180 1311 Aegypti
3211 1191 3598 1277 dialectis
3622 1247 3657 1296 ‚
3706 1193 3897 1309 Jam
3955 1185 4295 1304 pridem

1487 1346 1645 1433 per
1695 1340 1787 1406 te
1847 1324 2398 1403 transmissae
2432 1375 2461 1421 ‚
2523 1323 2657 1403 uti
2713 1345 2818 1403 ex
2872 1343 3074 1401 mse.
3142 1316 3408 1432 Regis
3466 1345 3659 1434 pag.
3713 1346 3920 1433 153·
3956 1321 4139 1429 ipse
4179 1322 4298 1402 ci·

1482 1461 1610 1529 tat
1646 1504 1669 1526 .
1734 1445 2034 1529 Prima
2092 1445 2368 1560 igitur
2430 1461 2565 1526 est
2622 1444 2929 1561 Iin‘qua
2989 1441 3542 1562 Aegyptiam
3612 1501 3644 1546 ‚
3706 1472 3856 1526 seu
3924 1444 4293 1552 Coptica

1462 1570 1822 1681 proprie
1875 1569 2000 1651 sic
2036 1568 2272 1652 dicta
2317 1595 2392 1662 *a
2451 1565 2753 1681 (ὀρεῖς
2812 1568 3090 1652 solum
3119 1623 3150 1670 ‚
3215 1567 3320 1656 <Sc
3362 1570 3835 1680 praecipue
3895 1568 3988 1649 in
4071 1565 4289 1650 The·

1478 1693 1734 1778 baide
1763 1751 1794 1796 ,
1827 1721 1980 1776 sen
2036 1692 2452 1807 superiori
2505 1692 2912 1813 Aegypto
2950 1751 2980 1795 ,
3009 1720 3274 1803 quam
3314 1690 3510 1776 Said
3543 1693 3876 1777 Arabes
3904 1709 4227 1776 vocant
4252 1748 4287 1798 ‚

1478 1837 1899 1931 usurpata
1935 1876 1960 1900 .
2029 1818 2130 1900 11.
2188 1817 2605 1903 dialectus
2652 1838 2785 1902 est
2853 1818 3185 1901 Graeca
3238 1817 3542 1935 lingua
3582 1876 3609 1921 ‚
3668 1844 3849 1928 qua
3928 1813 4284 1900 uteban-

1477 1959 1626 2026 ται·
1677 1942 2259 2061 Alexandrini
2288 1999 2313 2038 ‚
2371 1943 2788 2025 maritimi
2786 1971 2954 2054 qne
3011 1941 3349 2026 accolae
3383 1999 3414 2044 ‚
3474 1941 3582 2032 66
3630 1941 4095 2059 Aegyptus
4146 1941 4284 2026 in-

1452 2067 1729 2168 ferior
1752 2127 1783 2171 ‚
1814 2098 1965 2154 seu
2027 2068 2749 2179 septemtrionalis
2786 2124 2809 2149 .
2875 2066 3015 2149 ΙΙΙ.
3069 2067 3163 2148 cli
3163 2067 3490 2154 alectus
3552 2086 3685 2151 est
3757 2064 4279 2180 Aethiopica

1470 2191 1695 2276 inter
1762 2211 2252 2277 cataractas
2313 2248 2343 2294 ,
2404 2189 2515 2281 (86
2573 2193 2698 2277 acl
2755 2193 3035 2305 ipsam
3100 2218 3372 2303 usque
3434 2192 3624 2276 Nili
3701 2191 4124 2309 originem
4182 2193 4279 2278 in

1470 2346 1634 2399 usu
1665 2375 1688 2397 .
1753 2317 2093 2403 Priores
2153 2334 2478 2400 norunt
2536 2315 2920 2403 Arabes:
2950 2316 3178 2400 hanc
3232 2319 3576 2400 tertiam
3618 2340 3986 2427 prorsas
4022 2316 4273 2432 igno-

1467 2461 1779 2525 rarunt
1812 2501 1836 2524 .
1895 2445 2139 2554 Quae
2196 2468 2405 2527 vero
2468 2441 2948 2555 Europaeos
3000 2466 3306 2527 omnes
3355 2445 3807 2552 scriptores
3880 2433 3986 2522 ad
4061 2436 4272 2530 haec

1463 2589 1740 2677 usque
1793 2587 2184 2677 tempora
2238 2567 2489 2650 latuit
2543 2575 2797 2652 tertia
2854 2565 3497 2684 Aegyptiomm
3564 2562 3976 2650 dialectus
4013 2620 4044 2666 ‚
4078 2592 4269 2652 am-

1461 2690 1936 2801 plissimam
1981 2689 2328 2806 Georgii
2386 2710 2785 2781 mentem
2820 2750 2851 2795 ‚
2912 2690 3462 2805 assiduosque
3520 2690 3705 2799 ejus
3760 2690 4085 2776 labores
4117 2693 4276 2778 im.
4422 2709 4539 2744 κ]

1460 2817 1772 2926 probos
1830 2843 2010 2899 non
2071 2815 2293 2931 fugit
2332 2873 2356 2899 .
2446 2816 3232 2905 praestantissimus
3316 2819 3791 2902 Moecenas
3856 2872 3888 2918 ‚
3949 2842 4268 2932 augen-

1455 2935 1768 3052 disque
1815 2943 2066 3025 rebus
2120 2943 2548 3027 Ecclesiae
2609 2942 3232 3030 addictissimus
3285 2943 3372 3028 S.
3435 2942 3550 3025 R.
3612 2942 3710 3026 E.
3774 2938 4260 3054 Stephanus

1451 3062 1938 3151 cardinalis
1992 3066 2297 3182 Borgia
2360 3124 2391 3171 ,
2488 3074 2641 3180 qui
2697 3073 3046 3184 proprio
3108 3069 3422 3155 Museo
3482 3065 3940 3153 Veliterno
4031 3083 4263 3152 tam-

1453 3216 1719 3299 quam
1775 3192 2254 3276 litterarum
2284 3195 2897 3305 cymeliarchio
2932 3252 2959 3297 ‚
3024 3192 3352 3281 assidue
3389 3198 3666 3279 utitur
3697 3255 3725 3294 ,
3747 3191 3836 3279 ἃ
3888 3190 4208 3280 finitur
4230 3251 4262 3298 ,

1453 3318 1691 3399 inter
1754 3319 1914 3402 alia
1972 3318 2202 3402 bene
2263 3319 2536 3403 multa
2603 3321 3138 3438 Aegyptiaca
3213 3322 3699 3439 fragmenta
3757 3377 3788 3423 ‚
3878 3316 4085 3405 illud
4150 3314 4261 3409 de

1451 3441 1734 3552 Epist.
1792 3446 1918 3531 ad
1964 3442 2352 3529 Corinth.
2419 3471 2616 3556 cap·
2649 3467 2768 3531 lx.
2835 3475 2886 3530 a
2941 3474 3201 3532 versu
3253 3478 3341 3559 9.
3398 3472 3674 3556 usque
3730 3440 3838 3529 ad
3881 3464 4257 3533 sextum·

1450 3561 1891 3675 decimum
1945 3566 2321 3686 Georgio
2374 3588 2675 3656 nostro
2735 3569 3495 3683 interpretandum
3528 3626 3561 3673 ‚
3621 3564 4257 3658 illustrandum·

1450 3717 1622 3802 que
1681 3692 2285 3780 concredidit.
2347 3695 2646 3783 Hocce
2679 3724 2937 3811 porro
2971 3694 3564 3802 σπυδωότατρ»
3598 3692 4011 3841 Georgius
4044 3724 4256 3785 cum

1445 3816 1751 3905 eodem
1784 3820 2071 3905 Textu
2118 3819 2739 3932 Memphiticae
2776 3820 3115 3906 dialecti
3172 3824 3405 3932 juxta
3459 3819 4035 3909 Wilhinsium
4068 3878 4102 3927 ,
4156 3821 4246 3911 δι

1439 3943 1607 4028 alio
1637 3941 2028 4055 ejusdem
2056 3945 2381 4029 Textus
2411 3944 2906 4098 frag-mento
2936 3948 3198 4037 Theb.
3205 3943 3541 4033 dialect.
3546 3965 4003 4061 tantopere
4032 3966 4250 4034 con-

1443 4068 1694 4171 tulit,
1721 4088 1822 4155 ut
1843 4067 2261 4155 festivum
2293 4066 2576 4163 illud
2544 4066 2920 4185 ιυράιιαμυ
2976 4089 3170 4156 non
3200 4072 3543 4177 Isi‚aco
3605 4066 3748 4155 sed
3781 4072 4250 4184 christiano

1435 4218 1685 4281 more
1715 4250 1747 4300 ‚
1803 4191 1913 4278 de
1947 4192 2352 4281 nondum
2383 4202 2734 4313 cognita
2770 4201 3022 4283 tertia
3054 4194 3592 4313 Aegyptiaca
3624 4195 3994 4287 dialecto
4040 4256 4092 4305 ,
4152 4227 4244 4289 se

1435 4316 1633 4426 jure
1685 4347 1934 4434 posse
1996 4323 2605 4438 ingeminare,
2666 4325 3037 4410 minime
3094 4319 3658 4410 dubitaverit.
3726 4319 3893 4409 Sed
3950 4341 4241 4411 nostra

1321 4446 1328 4452 ’
1431 4443 1615 4553 iam
1677 4445 1888 4531 fides
1952 4442 2060 4531 de
2111 4447 2268 4531 hac
2321 4448 2645 4558 triplici
2704 4445 3070 4535 dialecto
3154 4451 3435 4534 obiter
3522 4468 3651 4534 est
3735 4447 4169 4537 liberanda
4204 4510 4229 4539 .

1403 4573 1851 4683 'Quaeque
1915 4567 2328 4657 dialectus
2389 4568 2695 4658 iisdem
2740 4577 3001 4691 vulgo
3060 4575 3563 4688 majusculis
3622 4578 3955 4693 'viginti
4036 4605 4235 4691 qua·

1431 4711 1634 4777 tuor
1691 4693 2045 4780 Graecis
2107 4696 2563 4785 elementis
2626 4702 2899 4785 utitur
2938 4756 2970 4805 ,
3026 4696 3306 4785 forma
3365 4701 3843 4813 paullulum
3902 4706 4236 4787 immu-

1437 4835 1614 4905 tata
1647 4875 1679 4921 ‚
1739 4847 2053 4930 sexque
2107 4821 2264 4904 alia
2308 4824 2655 4940 linguae
2704 4820 3286 4942 Aegyptiacae
3381 4831 3720 4941 propria
3776 4822 4175 4913 adsciscit
4196 4887 4238 4937 9

1431 4946 1922 5050 nimirum,
1983 4969 2148 5057 ξς,
2215 4945 2348 5049 o‘,
2382 4974 2471 5029 x
2510 4968 2751 5058 ‚39
2810 4959 2986 5065 (5,
3049 4948 3221 5058 *ἲς
3283 4950 3495 5040 adeo
3540 4972 3638 5036 ut
3686 4956 4042 5070 triginta
4087 4950 4233 5037 ad-

1425 5074 1888 5185 signentur
1941 5072 2360 5189 Aegyptii
2410 5008 2833 5188 alphabeti
2912 5076 3404 5163 elementa.
3468 5078 3662 5189 Qua
3716 5082 3812 5164 in
3874 5105 3967 5162 re
4017 5106 4228 5191 cum

1423 5192 1853 5306 quaedam
1905 5224 2069 5287 nos
2120 5218 2593 5316 torqueant
2650 5203 2880 5290 circa
2934 5197 3284 5320 Georgii
3342 5206 3873 5292 sententiam
3927 5198 4226 5291 dubie.

4844 4506 4845 4521 ᾼ
4840 4012 4849 4453 ——„4—*-—*„-.---c
