4913 6618
2369 530 2376 538 ’
3101 556 3107 561 ·
3278 538 3318 595 1
3336 536 3384 596 2
3408 536 3449 599 1

659 664 1069 764 cogamur
1124 627 1656 755 anteponere
1692 695 1715 721 .
1781 637 1956 753 Qui
2012 629 2440 728 Graecum
2496 629 3078 748 Alphabetum
3129 629 3463 749 adopta-

668 789 882 856 runt
942 770 1350 885 Aegyptii
1389 825 1420 869 9
1479 766 1941 852 verborum
2007 790 2351 876 quoque
2383 758 2688 877 figuras
2741 789 2930 847 non
2989 763 3461 880 neglexisse

666 892 1073 979 credibile
1105 893 1202 977 fit
1238 950 1259 973 .
1324 889 1620 975 Plures
1664 918 1871 977 vero
1898 889 2256 976 fuerunt
2286 884 2510 1001 apud
2539 884 2909 970 Graecos
2939 944 2970 991 9
3003 907 3101 972 ut
3151 885 3457 972 Gram-
3559 963 3565 970 .

666 1024 962 1105 matici
1026 1014 1348 1102 docent
1382 1075 1412 1121 9
1469 1013 1958 1102 dictionum
2012 1018 2328 1134 figurae
2360 1045 2386 1098 ε
2441 1007 2842 1099 videlicet
2906 1014 3457 1125 &qm-abun·-

663 1143 970 1228 dcmtia
1000 1201 1033 1250 9
1084 1143 1495 1243 Defectus
1530 1200 1561 1245 9
1630 1141 2221 1255 Transpositio
2255 1199 2285 1246 9
2348 1142 2922 1252 Transumpti
2921 1168 2970 1222 0
3011 1195 3042 1239 9
3104 1138 3382 1259 Sectio
3418 1193 3451 1242 9

660 1267 991 1353 additio
1029 1327 1058 1371 9
1116 1268 1604 1374 Geminatio
1662 1322 1697 1369 9
1749 1268 2214 1352 Pro‘clucti0
2274 1325 2305 1372 9
2352 1266 2797 1376 Epectctsis
2853 1321 2883 1367 9
2935 1264 3369 1348 Dicteresis
3424 1318 3457 1367 9

666 1392 1226 1479 Parenthest's
1258 1449 1289 1496 9
1345 1392 1977 1504 Diplctsiasmus
2011 1450 2040 1496 9
2086 1391 2669 1493 Paremptosis
2700 1448 2729 1493 9
2790 1389 3456 1473 Proschematis-

664 1542 859 1603 mus
900 1576 931 1621 9
986 1518 1238 1604 Arsis
1266 1573 1297 1620 9
1344 1518 1679 1631 Systole
1710 1575 1743 1620 9
1795 1517 2184 1630 Syncope
2248 1574 2279 1621 9
2343 1517 2411 1598 S
2399 1513 2882 1628 ynaloephe
2938 1571 2968 1616 9
3023 1516 3371 1625 Ellipsis
3422 1567 3457 1614 9

665 1641 1164 1759 Pru-elh‘pSis
1199 1700 1232 1748 9
1293 1642 1754 1754 EctlinpSis
1788 1697 1819 1744 9
1858 1640 2269 1755 Apocope
2291 1700 2316 1723 .
2354 1640 2506 1722 Sin
2544 1665 2756 1725 vero
2787 1637 2873 1724 δι
2904 1640 3109 1724 haec
3142 1632 3279 1718 ἑῶὲ
3312 1647 3451 1756 «γρῦ

669 1768 928 1854 vellet
987 1771 1294 1855 habere
1323 1825 1352 1870 9
1414 1782 1516 1850 ut
1547 1767 2007 1878 explicaret
2040 1792 2528 1884 rogaremus
2563 1823 2593 1868 9
2662 1761 3098 1873 quomodo
3126 1763 3458 1850 factum

659 1894 773 1976 sit
831 1952 864 1999 9
931 1892 1166 2005 quod
1241 1894 1506 2008 longe
1558 1894 1804 2005 plura
1860 1895 2269 1977 vocabula
2343 1892 2738 1977 Thebani
2776 1918 2846 2005 *a
2911 1886 3260 1974 Graecis
3314 1914 3456 1974 ac-

661 2023 1060 2129 ceperint
1092 2075 1124 2124 9
1176 2045 1438 2129 quam
1472 2017 2006 2128 Memphitae
2031 2076 2062 2123 9
2093 2023 2164 2101 si
2192 2017 2619 2102 Thebaica
2646 2011 3049 2100 dialectus
3083 2044 3131 2100 a
3165 2012 3455 2102 Mem·

659 2141 979 2255 phitica
1015 2204 1044 2248 9
1105 2170 1271 2229 ceu
1336 2161 1610 2225 matre
1673 2146 1785 2226 sit
1866 2137 2332 2230 derivanda
2385 2198 2409 2221 .
2491 2139 2703 2224 Prae
2771 2141 3034 2224 oculis
3102 2167 3201 2224 ea
3260 2157 3390 2224 est
3422 2197 3454 2245 9

659 2294 925 2376 quam
989 2267 1225 2353 dedit
1279 2269 1664 2367 Praefat.
1735 2296 1923 2386 pag.
1952 2287 2133 2350 Lm.
2196 2269 2548 2378 hujusce
2603 2264 2814 2350 nodi
2868 2324 2898 2369 9
2961 2270 3177 2351 ratio
3238 2266 3453 2352 solu·-

659 2394 924 2476 tionis
960 2452 982 2476 .
1049 2394 1326 2503 Cujus
1389 2396 1514 2475 rei
1577 2417 1865 2478 caussa
1899 2453 1929 2499 9
1988 2398 2284 2508 inquit
2310 2454 2339 2499 9
2374 2418 2558 2478 non
2596 2391 2752 2476 alia
2783 2449 2819 2496 9
2844 2420 3068 2477 ·mea
3098 2387 3457 2504 quidem

656 2521 1090 2602 sententia
1116 2580 1146 2625 9
1218 2516 1729 2630 probabilior
1758 2577 1789 2624 9
1851 2519 1939 2606 ἃ
1967 2526 2247 2633 aptior
2274 2516 2515 2604 reddi
2546 2536 2827 2632 potest
2859 2574 2887 2623 9
2919 2546 3185 2631 quam
3220 2514 3459 2628 quod

655 2640 860 2726 haec
919 2639 1500 2755 Memphitica
1556 2641 1963 2732 dialectus
1997 2705 2028 2752 9
2085 2673 2266 2758 quo
2294 2649 2680 2758 primum
2720 2662 3115 2759 tempore
3146 2641 3459 2732 ,Graeci

653 2767 946 2851 coloni
1001 2795 1419 2882 apparere
1465 2791 1951 2881 coeperunt
2009 2832 2036 2873 9
2124 2775 2410 2857 senior
2464 2772 2642 2882 jam
2696 2787 2877 2854 erat
2912 2828 2941 2872 9
3000 2769 3456 2886 Aegyptiis

497 2921 504 2928 ·
651 2896 1058 2978 omnibus
1111 2899 1611 2981 communis
1646 2953 1676 2998 9
1738 2895 1827 2983 ἃ
1885 2901 2082 2983 satis
2129 2896 2245 2982 'de
2305 2926 2465 2982 suo
2518 2892 2800 2981 fundo
2862 2891 3098 2981 dives
3171 2926 3201 2994 ;
3282 2922 3454 2982 nec

651 3020 822 3101 nisi
886 3023 1143 3104 unius
1197 3021 1484 3106 forsan
1543 3025 2043 3110 commercii
2098 3049 2450 3127 caussa,
2512 3022 2889 3104 externis
2941 3020 3293 3107 vocibus
3325 3024 3457 3109 in-
3512 3121 3518 3127 ,

649 3139 988 3260 eligebat
1025 3204 1048 3229 .
1117 3147 1546 3232 Thebaica
1602 3175 1811 3233 vero
1844 3167 1943 3233 ut
1971 3168 2175 3263 pote
2205 3149 2500 3258 junior
2541 3206 2571 3252 9
2615 3143 3106 3231 adolescens
3132 3205 3162 3251 9
3198 3144 3456 3232 adeo-

651 3295 826 3380 que
893 3274 1153 3357 etiam
1201 3276 1460 3386 inops
1522 3274 1783 3359 nimis
1819 3332 1850 3379 9
1929 3275 2020 3363 ἅ
2082 3302 2388 3388 parum
2477 3275 2826 3390 cognita
2884 3330 2919 3377 9
3002 3299 3281 3387 quum
3342 3269 3453 3360 de

654 3394 957 3480 alienis
1014 3394 1306 3482 fundis
1371 3396 1621 3481 ditari
1655 3455 1686 3501 9
1744 3399 1832 3486 81
1903 3403 2468 3487 inclarescere
2520 3400 2990 3512 postularet
3046 3459 3076 3505 9
3170 3401 3454 3487 multo

650 3510 1140 3630 majorem}
1203 3550 1464 3636 quam
1514 3521 2083 3639 Memphitica
2138 3555 2187 3610 a
2232 3529 2485 3613 novis
2574 3526 2904 3611 colonis
2991 3527 3457 3611 verborum

648 3675 1121 3734 numerum
1186 3662 1575 3735 mutuata
1640 3668 1770 3735 est
1802 3708 1866 3755 99
1904 3712 1927 3736 .
1995 3653 2093 3736 ln
2133 3654 2435 3766 primis
2468 3676 2681 3737 vero
2710 3645 2918 3733 illud
2970 3651 3228 3761 plane
3263 3678 3449 3737 non

647 3776 1155 3892 attingimus
1189 3835 1220 3879 9
1251 3886 1254 3891 .
1282 3773 1719 3888 quomodo
1781 3777 1966 3862 fieri
2036 3781 2415 3890 potuerit
2472 3829 2504 3881 9
2569 3792 2668 3858 ut
2716 3776 3093 3861 Thebaei
3158 3777 3451 3862 cultio-

648 3924 786 3999 res
847 3901 1404 4012 memphitica
1456 3903 1868 3988 vocabula
1914 3906 2307 4017 propriae
2363 3929 2549 3987 non
2603 3915 3001 4014 aptarent
3032 3899 3451 4011 dialecto,

645 4028 717 4109 si
754 4081 783 4126 9
847 4054 1024 4137 quo
1069 4029 1453 4138 primum
1495 4045 1890 4139 tempore
1921 4027 2229 4115 Graeci
2262 4029 2553 4114 coloni
2592 4046 3178 4140 apparuerunt
3204 4083 3234 4130 9
3270 4030 3451 4136 jam

647 4148 1220 4264 Memphitica
1269 4153 1566 4270 lingua
1624 4157 1790 4237 toti
1861 4170 2042 4237 erat
2095 4152 2503 4270 Aegypto
2537 4158 3037 4237 communis
3073 4211 3098 4235 .
3167 4155 3448 4240 Dein·-

648 4273 758 4361 de
806 4292 1026 4361 stare
1081 4281 1367 4388 potius
1435 4278 1686 4363 nobis
1743 4278 2084 4366 videtur
2144 4279 2607 4364 Thebanos
2641 4279 3099 4389 plusquam
3149 4276 3450 4364 Mem·-

646 4404 933 4516 phitae
961 4463 991 4508 9
1047 4403 1343 4488 saltem
1397 4405 1557 4489 sub
1644 4397 2248 4489 Ptolommaeis
2317 4461 2350 4509 9
2435 4405 2737 4488 litteris
2818 4405 3197 4489 excultos
3252 4459 3284 4508 9
3342 4400 3451 4487 ad

641 4528 1061 4636 majorem
1116 4528 1461 4648 linguae
1537 4532 2018 4616 ubertatem
2100 4528 2431 4614 Graeca
2517 4531 2887 4614 nomina
2948 4590 2978 4636 9
3036 4529 3127 4618 ἅ
3188 4531 3451 4618 verba

641 4651 1088 4766 adoptasse
1113 4712 1148 4759 9
1205 4653 1441 4766 quod
1498 4684 1682 4741 non
1744 4656 2138 4744 fecerant
2181 4654 2719 4768 Memphitae
2752 4713 2783 4759 9
2844 4652 2931 4740 ἃ
2981 4660 3051 4740 si
3089 4657 3386 4743 forent
3418 4715 3453 4762 9

628 4778 905 4896 Joniis
937 4838 968 4885 9
1032 4807 1132 4865 ac
1188 4775 1846 4866 Macedonianis
1912 4781 2191 4867 Musis
2240 4786 2808 4896 proximiores
2842 4838 2867 4861 .
2932 4782 3163 4869 Rem
3194 4787 3315 4871 ita
3348 4809 3441 4868 se

608 4904 1024 4989 ‚habuisse
1071 4931 1179 4990 ex
1233 4907 1536 5017 majori
1589 4906 1887 4991 Thebe
1912 4966 1941 5010 9
1975 4936 2178 5020 prae
2210 4906 2614 5020 Memphi
2640 4910 3163 5019 antiquitate
3195 4967 3229 5013 9
3260 4932 3443 5001 una

640 5054 848 5117 cum
914 5030 1403 5121 celebritate
1465 5031 1986 5144 conjicimus
2055 5091 2081 5118 .
2144 5035 2473 5273 Probent
2518 5032 2983 5125 Bochartus
3047 5053 3445 5244 tenffiore

2564 5212 2575 5221 .
3292 5183 3442 5273 oy..
