4913 6618
1525 560 1706 647 126¹

1509 686 1672 770 bus
1705 744 1738 789 ‚
1792 674 2080 802 deque
2124 681 2474 772 historia
2540 682 2725 795 eius
2784 681 3367 773 Ecclesiastica
3416 739 3447 790 ,
3499 684 3750 801 plura
3805 689 4027 774 scitu
4105 713 4325 800 per--¹

1510 807 1776 929 digna
1836 808 2394 924 postmodum
2445 811 3126 924 complectamur
3191 870 3215 896 .
3310 810 3803 899 Postremus
3869 840 3921 898 e
3985 841 4319 930 genere¹

1514 936 2296 1028 Ptolommaeorum
2352 941 2450 1024 in
2512 934 2920 1055 Aegypto
2999 939 3465 1049 Imperator
3528 938 3694 1024 finit
3765 930 4313 1026 Ptolomaeus

1513 1059 1787 1150 Denis
1821 1119 1852 1165 ,
1913 1091 2095 1147 una
2150 1089 2358 1149 cum
2413 1090 2676 1148 uxore
2739 1064 3189 1176 Cleopatra
3242 1122 3267 1147 .
3331 1061 3585 1150 Hanc
3652 1063 3963 1172 Caesar
4016 1061 4327 1182 Augu«

1516 1203 1702 1272 stus
1755 1185 2123 1301 deperiit
2156 1246 2188 1292 ,
2242 1182 2389 1273 sed
2446 1205 2739 1300 postea
2824 1185 3227 1276 Antonio
3291 1190 3590 1300 nupsit
3645 1245 3676 1291 ,
3763 1207 4317 1302 mortemque

1520 1340 1628 1398 ex
1681 1311 2074 1426 aspidum
2130 1338 2487 1399 veneno
2541 1315 2697 1398 sihi
2755 1315 3053 1398 intulit
3087 1371 3118 1417 ‚
3173 1340 3291 1398 ne
3351 1339 3504 1426 per
3547 1313 4095 1426 triumphum
4152 1311 4323 1410 duo,

1518 1458 1861 1525 ceretur
1913 1466 1961 1521 a
2018 1437 2378 1523 Caesare
2411 1493 2442 1541 ‚
2505 1441 2650 1522 cui
2716 1457 2909 1551 post
2971 1433 3414 1526 devictum
3455 1436 3956 1526 Antonium
4008 1442 4103 1520 in
4154 1467 4319 1528 na-.

1514 1566 1683 1649 vali
1730 1565 2216 1650 certamine
2250 1557 2477 1674 apud
2517 1560 2878 1650 Actium
2913 1622 2945 1668 ‚
3006 1566 3312 1648 urbem
3373 1563 3607 1674 Epiri
3641 1622 3671 1669 ‚
3726 1589 3968 1646 anno
4029 1559 4142 1648 V.
4194 1561 4304 1649 C.

1521 1718 1631 1802 72
1651 1722 1735 1807 3.
1776 1745 1809 1794 ,
1868 1693 2380 1786 universum
2442 1686 2951 1774 Romanum
2983 1706 3349 1776 cesserat
3381 1692 3845 1800 imperium
3877 1735 3905 1768 0
3969 1685 4306 1774 Abhoc

1510 1829 1905 1929 tempore
1956 1813 2344 1898 Romani
2398 1810 2905 1929 Aegyptum
2969 1811 3683 1902 administrarant
3751 1871 3781 1916 ,
3844 1838 4120 1924 usque
4200 1807 4308 1895 ad

1510 1967 1854 2026 annum
1917 1938 2081 2024 Ae.
2155 1933 2408 2052 Vulg.
2454 1940 2667 2046 640.
2706 1996 2738 2042 ‚
2801 1967 2979 2053 quo
3041 1940 3474 2023 Haumare
3530 1934 3753 2024 duce
3811 1940 3907 2021 in
3963 1936 4307 2023 Sarace-

1514 2092 1839 2150 norum
1901 2065 2186 2152 venit*
2215 2080 2729 2175 potestatem
2763 2119 2795 2152 2
2849 2062 3184 2152 Verum
3243 2059 3352 2149 de
3410 2062 3719 2150 horum
3781 2088 4130 2178 quoque
4190 2062 4327 2148 hi·⁴

1512 2194 1769 2274 storia
1833 2190 2115 2301 aliqua
2166 2187 2771 2300 compellimur
2821 2186 3231 2278 adnotare
3289 2246 3315 2272 .
3379 2186 3994 2276 Saracenorum
4065 2246 4096 2294 ,
4149 2190 4309 2300 qui

1512 2337 1847 2400 nomen
1903 2314 2266 2399 trahunt
2324 2311 2378 2424 <
2440 2330 2543 2397 ut
2591 2316 2883 2401 scribit
2924 2316 3245 2404 Histor.
3280 2315 3756 2401 Ecclesiast.
3794 2316 4302 2401 clarissimus

1516 2441 1958 2528 Breviator
2020 2439 2544 2523 Laurentius
2591 2440 2825 2526 Berti
2877 2459 3092 2532 tom.
3132 2440 3199 2525 Ι.
3263 2441 3360 2523 in
3416 2438 3828 2554 Append.
3895 2438 4132 2523 Saec.
4184 2466 4305 2552 seq

1504 2569 1766 2676 ptimi
1820 2564 1869 2678 )
1938 2594 1990 2650 a
2050 2567 2399 2649 clvitate
2456 2562 2819 2652 Arabiae
2871 2568 3199 2654 San-aea
3234 2622 3265 2670 ,
3320 2559 3635 2650 ducein
3699 2593 3791 2666 se
3849 2565 4305 2650 constituit

1503 2690 1966 2776 Mahomet
1998 2747 2029 2795 ,
2061 2715 2212 2775 seu
2242 2689 2822 2777 Mahumedes
2862 2749 2895 2799 ‚
2934 2689 3705 2806 pseudo—propheta
3737 2685 3979 2774 anno
4016 2692 4127 2775 62
4143 2718 4231 2804 3.
4265 2746 4297 2792 ,

1503 2833 2068 2928 posteaquam
2111 2817 2529 2929 superiori
2576 2844 2826 2902 anno
2884 2823 3098 2903 622.
3125 2876 3157 2922 ,
3209 2842 3314 2899 ex
3373 2817 3587 2901 urbe
3626 2813 3964 2904 ”Mecha
3998 2873 4027 2919 ‚
4087 2813 4305 2898 anti·

1499 2947 1698 3052 quis
1755 2942 2256 3046 Mart-aba,
2309 2939 2593 3027 fuerat
2650 2939 3028 3051 ejectus:
3101 2971 3151 3029 a
3200 2968 3376 3053 quo
3429 2959 3826 3055 ternpore
3912 2937 4304 3025 subduci-

1497 3082 1642 3149 tur
1697 3069 2086 3187 Hegira,
2139 3064 2482 3180 Epocha
2541 3095 2866 3182 nempe
2919 3068 3404 3158 Turcarum
3431 3125 3462 3171 ,
3516 3071 3634 3151 ita
3678 3097 3729 3152 a
3779 3065 4295 3152 Mahometis

1478 3193 1715 3312 fuga
1777 3193 2252 3306 appellata.
2318 3190 2642 3276 Praedo
2702 3198 2842 3279 ille
2904 3220 3003 3280 ac
3062 3192 3462 3279 seductor
3527 3196 3621 3276 in
3683 3194 3967 3277 lucem
4017 3189 4295 3275 editus

1494 3344 1738 3405 anno
1802 3319 2014 3432 568.
2056 3316 2256 3425 ‚vel
2315 3335 2418 3402 ut
2470 3319 2657 3405 aliis
2711 3322 3058 3435 placet,
3107 3350 3252 3404 an.
3293 3348 3508 3433 570.
3551 3377 3582 3422 ,
3641 3338 3883 3432 patre
3930 3297 4289 3401 Abdalla

1496 3446 1787 3554 coepit
1852 3470 1998 3527 an.
2040 3444 2255 3531 608.
2320 3470 2411 3528 se
2470 3446 2756 3556 ipsum
2801 3442 3251 3533 venditare
3307 3444 3813 3558 prophetam
3863 3439 4235 3529 Domini
4262 3501 4294 3547 ‚

1487 3571 1732 3653 uxori
1770 3627 1800 3674 ‚
1865 3596 2127 3680 quam
2193 3565 2547 3655 viduam
2602 3568 2962 3658 divitem
3029 3566 3385 3656 duxerat
3449 3629 3481 3675 ,
3582 3568 4034 3684 epilepsiae
4117 3597 4289 3685 qua

1490 3694 1913 3781 laborabat
1964 3693 2570 3782 convulsiones
2606 3756 2638 3802 ‚
2709 3694 3075 3783 suadens
3126 3721 3309 3781 esse
3371 3713 3662 3781 motus
3719 3697 4078 3779 afflante
4128 3702 4311 3783 nni

1488 3820 1738 3908 mine
1786 3823 2270 3909 concitatos
2300 3878 2325 3903 .
2384 3822 2511 3904 Ita
2557 3823 3127 3909 Mohammed
3158 3880 3189 3926 ‚
3242 3818 3480 3932 quod
3542 3819 3929 3906 Arabum
3991 3820 4289 3939 lingua

1485 3945 1740 4055 ajunt
1801 3943 2197 4029 denotari
2222 3944 2689 4031 hominum
2733 3949 3245 4033 desiderium
3280 4003 3311 4051 ,
3361 3945 3870 4031 exMosaica
3902 3944 4288 4053 &Evan-

1482 4072 1747 4189 gelica
1800 4069 1990 4187 lege
2023 4127 2054 4174 ,
2097 4095 2318 4181 quae
2362 4067 2701 4184 Judaeis
2726 4130 2757 4178 ,
2811 4070 2900 4158 ἃ
2966 4071 3483 4169 Christianis
3520 4062 3926 4157 arrideret
3955 4130 3983 4177 ,
4044 4099 4281 4157 com⁴

1483 4214 1838 4285 mentus
1902 4214 2033 4280 est
2127 4193 2637 4313 religionem
2692 4255 2725 4305 ,
2812 4215 3147 4281 retenta
3212 4225 3573 4310 precum
3642 4257 3674 4303 ,
3768 4200 4282 4310 pietatisque

1480 4325 1821 4434 specie,
1867 4347 2131 4434 quam
2179 4322 2389 4405 boni
2455 4326 3294 4436 non.improbarent
3331 4380 3362 4426 ‚
3418 4322 3507 4408 ἃ
3555 4325 4279 4435 ΡτοΡοείῐίε,(Ῑυί-

1478 4445 1641 4532 bus
1697 4449 2065 4558 improbi
2129 4447 2684 4531 allicerentur
2715 4507 2749 4555 ,
2829 4450 3305 4533 carnalibus
3376 4449 3952 4560 voluptatibus
4010 4506 4034 4531 .
4118 4448 4274 4532 Li-

1476 4572 1731 4656 brum
1786 4590 2085 4685 postea
2149 4574 2633 4685 impostoris
2699 4578 2909 4659 scita
2949 4570 3837 4687 comprehendentem
3872 4632 3903 4680 ,
3959 4572 4048 4661 81
4078 4599 4279 4686 ope·

1478 4723 1576 4780 ra
1643 4696 1916 4813 Sergii
1979 4693 2396 4781 Monachi
2428 4756 2460 4802 ‚
2507 4696 2596 4784 81
2650 4696 3197 4810 quorundam
3264 4696 3781 4815 Judaeorum
3835 4701 4276 4819 conscrip-

1476 4840 1670 4908 tum
1694 4880 1729 4929 ,
1777 4820 2105 4909 Arabes
2158 4824 2432 4933 patria
2486 4824 2784 4941 lingua
2835 4824 3375 4936 appellarunt
3404 4824 3937 4913 Alcoranum
3975 4883 4008 4933 ,
4039 4819 4276 4939 quod

1385 4962 1404 4985 ‘
1474 4943 1712 5033 idem
1774 4948 2087 5035 volunt
2147 4946 2626 5063 significare
2659 5004 2692 5053 ,
2745 4976 2846 5036 ac
2877 4950 3089 5034 liber
3128 4947 3515 5035 lectiom's
3552 5007 3577 5032 .
3640 4950 4089 5040 Mahomet
4121 4953 4274 5069 igi-

1472 5091 1618 5158 tur
1683 5100 1826 5160 an.
1871 5075 2087 5190 623.
2117 5128 2153 5180 ‚
2209 5071 2836 5196 §amoenorum
2883 5076 3134 5164 turba
3179 5074 3538 5167 collecta
3565 5132 3600 5186 ‚
3663 5079 4041 5205 suscepit
4095 5077 4271 5191 1110:

4069 5227 4269 5287 rum
