4913 6618
651 611 1088 716 Codicum
1136 617 1659 712 editionibus
1700 623 1989 739 potuit
2042 628 2566 744 contingere
2593 682 2623 725 ,
2687 652 2868 738 quo
2894 624 3195 712 Latini
3223 500 3462 715 ,οοῗιῗ

648 750 1020 840 suetudo
1088 753 1509 838 sermonis
1567 753 1674 837 ab
1718 749 2303 840 Orientalium
2385 748 2820 839 scribendi
2907 757 3246 838 ratione
3330 745 3460 837 di-

651 877 1036 998 greditur
1069 937 1093 963 .
1158 879 1484 963 Latino
1544 895 1897 965 tantum
1966 874 2355 991 idiomati
2406 872 2734 962 addicti
2798 883 3292 992 saepissime
3354 882 3459 962 in

654 1006 865 1092 locis
918 1007 1296 1091 obscuris
1342 1022 1779 1123 coguntur
1829 999 2253 1098 fluctuare
2285 1062 2311 1087 .
2376 1003 2733 1089 Norunt
2765 1059 2797 1109 ‚
2859 1008 3015 1119 qui
3070 1004 3464 1122 linguam

649 1148 1045 1218 muctam
1098 1130 1239 1217 vel
1307 1159 1358 1216 a
1416 1131 1723 1218 limine
1783 1131 2265 1219 salutarunt
2298 1185 2333 1236 ,
2389 1131 2827 1217 Hebraeos
2877 1147 3232 1245 propter
3289 1131 3466 1214 exi-

652 1283 928 1375 guum
981 1253 1485 1344 radicalium
1554 1283 2026 1346 numerum
2087 1317 2121 1365 ‚
2179 1253 2489 1343 iisdem
2554 1281 2744 1342 non
2810 1284 3003 1343 raro
3057 1263 3192 1345 uti
3248 1281 3465 1344 con-

653 1384 1169 1470 sonantibus
1213 1377 1324 1467 ad
1366 1409 1501 1468 res
1543 1380 1916 1470 diversas
1973 1379 2542 1501 designandas
2575 1442 2607 1488 ,
2669 1379 3149 1497 eodemque
3217 1384 3465 1469 inva-

655 1511 878 1595 riato
940 1512 1313 1595 nomine
1371 1535 1613 1596 casus
1664 1535 1973 1595 omnes
2036 1509 2341 1596 efferre
2369 1568 2397 1609 ‚
2456 1512 2842 1622 apposita
2892 1528 3244 1607 tantum
3305 1533 3467 1593 vo·

655 1641 782 1722 cis
837 1638 1094 1720 initio
1146 1635 1429 1748 aliqua
1462 1661 1569 1719 ex
1603 1635 2157 1749 sequentibus
2221 1634 2526 1719 litteris
2586 1644 2633 1733 ¹⁷
2672 1694 2702 1737 ‚
2735 1656 2786 1716 n
2820 1693 2852 1740 ‚
2884 1665 2989 1727 rm
3022 1694 3055 1746 ‚
3088 1667 3142 1729 n
3176 1695 3210 1745 ,
3239 1657 3467 1748 quae

658 1783 912 1847 casus
972 1758 1567 1848 determinant
1620 1819 1654 1867 ‚
1749 1778 2188 1873 quatenns
2239 1762 2980 1874 praepositionum
3033 1765 3267 1851 vices
3320 1786 3468 1876 ge-

658 1904 880 1973 runt
913 1939 938 1965 .
1000 1885 1354 1973 Norunt
1418 1891 1512 1972 in
1608 1889 1889 1975 verbis
1922 1944 1957 1992 ,
2018 1913 2208 1972 non
2245 1913 2490 1974 secus
2523 1914 2624 1972 ac
2662 1889 3165 1974 nominibus
3199 1946 3234 1997 ‚
3294 1883 3470 1970 duo

656 2007 1001 2098 admitti
1051 2040 1374 2131 genera
1452 2016 2038 2101 masculinum
2072 2069 2103 2116 ,
2165 2039 2265 2097 ac
2319 2010 2901 2098 faemininum
2949 2067 2985 2119 ,
3063 2012 3151 2102 ἅ
3205 2012 3471 2103 verba

656 2163 820 2250 pro
882 2134 1222 2225 diverso
1284 2131 1779 2224 inflexionis
1825 2135 2089 2224 modo
2117 2197 2146 2237 ,
2203 2130 2537 2224 diversa
2568 2194 2602 2244 ,
2660 2140 2843 2223 imo
2898 2137 2988 2226 ἅ
3036 2139 3470 2228 contraria

657 2262 1145 2380 sIgnificare
1177 2321 1210 2368 ‚
1270 2261 1747 2375 eademque
1792 2289 1976 2349 esse
2023 2264 2167 2350 vel
2229 2266 2509 2351 activa
2557 2319 2597 2370 ,
2655 2262 2797 2349 vel
2850 2267 3180 2377 passiva
3231 2323 3266 2371 ‚
3325 2259 3471 2351 vel

656 2386 945 2474 media
975 2446 1008 2494 ,
1068 2384 1470 2476 videlicet
1527 2393 2038 2475 communia
2072 2446 2100 2474 .
2163 2388 2519 2475 Norunt
2568 2386 2953 2501 denique
3015 2416 3290 2477 unam
3325 2447 3357 2493 ,
3395 2388 3470 2471 si

658 2515 1009 2626 proprie
1065 2509 1353 2601 dicere
1410 2515 1773 2601 velimus
1798 2573 1829 2618 ‚
1889 2504 2355 2603 verborum
2415 2512 2647 2628 apud
2680 2514 3114 2603 Hebraeos
3162 2514 3473 2624 conju-

653 2641 1099 2755 gationem
1131 2697 1163 2744 ‚
1226 2656 1659 2752 quantum
1722 2634 1828 2721 ad
1895 2668 2213 2727 sonum
2241 2696 2273 2746 ‚
2300 2638 2390 2728 8<
2418 2638 3148 2759 significationem
3211 2634 3477 2731 modo

658 2766 1208 2879 septemplici
1269 2767 1633 2866 variari3
1699 2765 2051 2851 Habent
2117 2771 2366 2853 enim
2412 2767 2627 2865 :Kal
2652 2822 2685 2870 ,
2743 2767 3088 2881 Niphal
3128 2829 3160 2875 ,
3220 2767 3415 2856 Piel
3441 2819 3475 2870 ,

658 2889 898 2976 Pual
918 2947 950 2994 ‚
1008 2889 1315 3003 Hiplzil
1333 2947 1364 2995 ‚
1424 2889 1781 3005 Hoplml
1810 2950 1842 2996 ,
1902 2893 2373 3006 Hithpael.
2433 2891 2829 2978 Verbum
2871 2898 2967 2977 in
3025 2895 3213 2978 Kal
3249 2894 3473 2981 acti·-

660 3065 780 3129 vo
833 3037 1097 3128 modo
1128 3040 1552 3159 significat
1583 3100 1618 3151 ‚
1678 3062 1782 3130 ut
1822 3030 1981 3157 ἧς
2029 3047 2437 3167 regnavit
2467 3045 2609 3130 ille
2642 3106 2666 3130 .
2733 3048 2837 3132 In
2872 3047 3215 3163 Mphal
3237 3045 3475 3136 idem

664 3197 1036 3283 verbum
1092 3202 1279 3283 vim
1326 3199 1685 3315 suscipit
1742 3202 2168 3312 passivam
2202 3254 2235 3303 ,
2295 3213 2398 3283 ut
2451 3180 2642 3313 3¹39?
2689 3217 3110 3320 regnatus
3141 3219 3274 3286 est
3311 3259 3335 3286 .
3371 3200 3477 3286 In

664 3349 862 3438 Piel
920 3348 1281 3437 denotat
1307 3351 1830 3464 peculiarem
1860 3348 2222 3442 modum
2248 3355 2614 3440 actionis
2643 3404 2674 3451 ,
2736 3358 2989 3470 regni
3053 3356 3481 3440 nimirum

660 3475 807 3563 vel
864 3478 1096 3564 bene
1130 3534 1165 3582 ,
1223 3476 1367 3566 vel
1395 3503 1647 3590 saepe
1677 3475 2252 3565 administrati
2285 3537 2317 3585 ,
2376 3497 2481 3566 ut
2525 3465 2679 3581 3⁸2?ss
2731 3477 2942 3563 bene
2973 3538 3006 3586 ,
3053 3480 3199 3565 vel
3220 3505 3479 3595 saepe

657 3636 1073 3754 regnavit
1132 3688 1162 3719 .
1224 3633 1326 3718 In
1385 3633 1621 3717 Pual
1656 3620 1811 3756 ³¹2²?
1886 3628 2190 3719 eadem
2250 3649 2381 3718 est
2447 3632 2964 3751 significatio
2993 3689 3027 3737 ‚
3089 3627 3241 3717 sed
3299 3658 3484 3746 pas·

662 3789 848 3876 siva
884 3846 907 3871 .
972 3787 1076 3874 In
1133 3790 1446 3902 Hiphil
1502 3776 1733 3903 ῗῇξπ]
1777 3783 2139 3875 denotat
2213 3788 2483 3870 unius
2542 3789 2640 3869 in
2693 3786 3039 3871 alterius
3094 3811 3481 3873 commo-

664 3935 881 4032 dum
915 4003 949 4053 ,
1009 3947 1263 4065 regni
1322 3972 1614 4034 caussa
1650 4006 1681 4051 ‚
1742 3945 2180 4029 actionem
2238 3968 2270 4042 ς
2334 3954 2599 4050 atque
2681 3933 2917 4021 idem
2994 3937 3221 4024 valet
3287 3995 3320 4044 ,
3380 3963 3484 4024 ac

651 4068 873 4174 fecit
915 4096 1288 4192 regnare
1323 4130 1348 4156 .
1411 4070 1514 4157 In
1576 4068 1931 4185 Hophal
1984 4051 2191 4184 ⁸³5?ss
2253 4062 2645 4175 ejusdem
2718 4081 2851 4147 est
2912 4064 3272 4177 passive
3327 4092 3486 4152 va·-

666 4220 870 4307 loris
907 4281 931 4308 .
997 4223 1099 4308 In
1168 4223 1573 4337 Hithpael
1624 4208 1886 4328 Ἱξῷζῑζῐ
1948 4216 2375 4339 significat
2427 4219 2870 4302 actionem
2902 4220 2997 4300 in
3037 4239 3126 4297 se
3150 4215 3490 4329 ipsum,

669 4374 1095 4458 nimirum
1147 4393 1420 4459 semet
1484 4375 1813 4496 Regem
1876 4373 2099 4476 fecit
2159 4427 2182 4451 .
2263 4368 2450 4486 Jam
2522 4393 2746 4454 vero-
2785 4364 3155 4453 diversas
3207 4366 3489 4450 nomi·-

670 4525 899 4586 num
954 4499 1455 4590 affectiones
1489 4558 1522 4606 ,
1582 4502 2219 4610 verborumque
2270 4496 2542 4582 varias
2590 4488 3006 4577 flexiones
3073 4550 3106 4598 ,
3198 4509 3302 4576 ut
3376 4485 3488 4573 de

668 4625 854 4712 aliis
913 4627 1264 4747 linguae
1320 4643 1669 4713 sanctae
1734 4622 2188 4713 idiotismis
2253 4621 2649 4706 sileamus
2685 4679 2717 4725 ,
2775 4617 3301 4733 Interpretes
3387 4633 3494 4703 ut

672 4750 1155 4863 plurimum
1211 4780 1399 4840 non
1450 4753 1952 4868 exprimunt
1984 4810 2017 4857 ,
2078 4749 2219 4835 vel
2270 4772 2523 4861 saepe
2587 4747 2684 4827 in
2736 4740 3309 4866 exprimendo
3369 4738 3495 4826 di·

674 4899 1085 4993 screpant
1132 4886 1367 4968 inter
1413 4906 1503 4964 se
1562 4939 1593 4987 ,
1661 4897 1918 4990 atque
1971 4872 2184 4961 adeo
2239 4877 2334 4958 in
2396 4898 2686 4958 caussa
2728 4887 2937 4986 sunt
2977 4930 3005 4975 ,
3071 4865 3305 4983 quod
3335 4871 3490 4980 qui

674 5003 1221 5095 solummodo
1315 5007 1630 5095 Latine
1731 5010 2023 5093 sciunt
2087 5062 2120 5112 ,
2209 4973 2851 5089 difficultatibus
2918 4999 3501 5204 obruantur(i

3103 5163 3112 5179 ·
3237 5123 3438 5237 Quo
