4913 6618
3303 491 3550 584 27-

627 632 817 695 non
854 600 1119 721 possit
1151 659 1180 706 ,
1212 597 1578 710 aequalis
1607 610 1907 680 tamen
1944 593 2469 680 auctoritatIs
2501 617 2641 678 eas
2670 586 3098 678 habendas
3132 611 3348 706 puto
3398 651 3422 676 .

623 736 903 819 Totus
951 749 1242 818 autem
1275 726 1616 831 ‚Canon
1675 723 2311 834 scripturarum
2344 776 2379 825 ,
2413 723 2508 802 in
2572 747 2748 831 quo
2829 723 3079 805 istam
3147 720 3431 803 consi-

626 858 1168 945 derationem
1235 847 1745 938 versandam
1806 846 2173 934 dicimus
2239 906 2271 953 ‚
2331 847 2461 931 his
2534 843 2767 929 libris
2854 849 3363 930 contiuetur
3398 901 3425 926 .

623 989 1044 1099 Quinque
1113 974 1525 1093 Moyseos
1553 1034 1583 1080 ‚
1614 973 1835 1060 idest
1886 972 2278 1078 Genesi,
2308 967 2599 1057 Exodo
2635 1030 2665 1078 ‚
2727 972 3122 1057 Levitico
3157 1030 3186 1075 ‚
3248 972 3430 1056 Nu-

625 1114 885 1197 meris
923 1167 954 1214 ,
983 1105 1721 1203 Deuteronomi03
1784 1099 1873 1188 ἃ
1924 1129 2112 1187 uno
2173 1100 2390 1184 libro
2440 1099 2642 1215 Jesu
2705 1095 2948 1183 Nave
2985 1155 3015 1201 ,
3046 1124 3234 1180 uno
3281 1100 3429 1215 Ju-

623 1234 925 1322 dicum
959 1292 991 1339 ,
1019 1259 1206 1317 uno
1256 1230 1544 1316 libello
1577 1289 1607 1334 ,
1671 1231 1825 1338 qui
1880 1227 2349 1342 appellatur
2401 1225 2645 1310 Ruth
2679 1283 2708 1328 ‚
2766 1228 2917 1335 qui
2983 1226 3249 1339 magis
3319 1221 3429 1309 ad

623 1363 1141 1480 Regnorum
1196 1358 1627 1473 principia
1678 1350 2024 1439 videtur
2078 1356 2362 1466 pertin
2374 1379 2518 1437 ere
2580 1382 2613 1456 ;
2681 1346 3000 1435 deinde
3057 1370 3429 1462 quatuor

624 1489 1140 1605 Regnorum
1174 1542 1207 1589 ‚
1236 1481 1325 1569 81
1377 1478 1707 1567 duobus
1752 1479 2469 1592 Paralipomenon
2499 1535 2532 1582 ‚
2568 1504 2757 1562 non
2820 1480 3432 1589 consequenti.

623 1616 783 1699 bus
816 1672 847 1718 ,
879 1608 1030 1696 sed
1086 1612 1328 1723 quasi
1385 1634 1435 1693 a
1498 1607 1758 1692 latere
1813 1603 2250 1715 adjunctis
2284 1663 2311 1705 ‚
2342 1604 2770 1716 simulque
2802 1605 3360 1719 pergentibus
3396 1660 3421 1688 .

624 1742 863 1825 Haec
934 1754 1064 1822 est
1121 1738 1468 1820 historia
1503 1792 1533 1837 ,
1599 1757 1820 1845 quae
1886 1735 2230 1815 sibimet
2291 1758 2632 1814 annexa
2695 1746 3088 1843 tempora
3144 1732 3427 1816 conti-

626 1884 789 1951 net
821 1923 851 1968 ,
884 1883 1143 1973 atque
1179 1857 1574 1945 ordinem
1634 1884 1978 1941 rerum:
2018 1874 2229 1940 sunt
2281 1857 2493 1941 aliae
2534 1873 2956 1968 tanquam
2998 1883 3106 1940 ex
3147 1852 3427 1945 diver-

621 2018 722 2076 so
782 1986 1087 2073 ordine
1123 2045 1154 2092 ,
1186 2012 1407 2096 quae
1469 2011 1758 2095 neque
1824 1982 2023 2069 huic
2085 1981 2372 2066 ordini
2408 2041 2438 2086 ,
2473 2010 2764 2094 neque
2822 1986 3057 2068 inter
3095 2011 3188 2067 se
3219 2011 3427 2070 con·

622 2132 1112 2201 nectuntur
1143 2171 1173 2215 ‚
1206 2116 1428 2195 sicut
1484 2130 1611 2193 est
1649 2109 1809 2223 Job
1846 2168 1873 2212 ‚
1908 2107 1996 2194 8<
2043 2107 2358 2192 Tobias
2382 2164 2412 2209 ,
2442 2106 2531 2193 ἃ
2565 2105 2859 2224 Judith
2895 2167 2922 2211 ‚
2951 2108 3036 2194 ἃ
3068 2110 3372 2194 Esther
3395 2170 3425 2215 ‚

616 2240 706 2328 ἃ
772 2240 1491 2324 Machabaeorum
1563 2236 1758 2317 libri
1816 2232 1993 2317 duo
2028 2234 2177 2337 ,ἃ
2238 2230 2550 2317 Esdrae
2616 2231 2789 2316 duo
2849 2294 2878 2339 ,
2943 2240 3092 2346 qui
3159 2239 3426 2352 magis

621 2368 1029 2478 subsequi
1081 2357 1492 2449 videntur
1546 2358 2031 2445 ordinatam
2080 2362 2312 2444 illam
2379 2360 2817 2444 historiam
2887 2419 2917 2464 ,
2982 2389 3254 2470 usque
3317 2359 3428 2447 ad

621 2492 1141 2606 Regnorum
1177 2544 1207 2589 ,
1241 2488 1381 2574 vel
1431 2485 2149 2597 Paralipomenon
2216 2491 2775 2571 terminatam
2817 2517 2839 2565 ε
2880 2484 3197 2571 deinde
3229 2487 3429 2571 Pro·

620 2619 929 2732 phetae
962 2673 993 2720 ,
1033 2619 1124 2698 in
1185 2614 1491 2723 quibus
1535 2607 1814 2696 David
1861 2639 2093 2695 unus
2157 2613 2371 2694 liber
2426 2611 2966 2696 Psalmorum
3002 2671 3032 2716 ,
3058 2609 3145 2698 ἃ
3183 2614 3424 2699 Salo-

618 2747 907 2828 monis
972 2761 1145 2826 tres
1180 2794 1212 2839 ,
1268 2738 1927 2825 proverbiorum
1961 2798 1991 2842 ‚
2051 2737 2420 2822 Cantica
2485 2741 3024 2823 canticorum
3063 2795 3093 2843 ‚
3126 2737 3214 2824 ἃ
3271 2740 3429 2826 Ec·

618 2869 1041 2953 clesiastes
1076 2926 1098 2949 .
1167 2863 1397 2947 Nam
1432 2864 1551 2946 illi
1581 2860 1755 2946 duo
1784 2866 1975 2946 libri
2008 2921 2039 2968 ,
2069 2890 2300 2947 unus
2336 2854 2489 2975 qui
2516 2864 2954 2976 Sapientia
2982 2924 3010 2965 ‚
3043 2863 3131 2951 8(
3156 2867 3366 2950 alius
3392 2925 3425 2972 ‚

621 2998 774 3104 qui
834 2993 1468 3078 Ecclesiasticus
1518 2991 2017 3074 inscribitur
2066 3047 2094 3090 ,
2158 2987 2268 3072 de
2325 2988 2890 3074 similitudine
2946 2988 3427 3079 Salomonis

621 3146 805 3205 esse
865 3115 1340 3203 dicuntur:
1412 3143 1622 3199 nam
1678 3115 1920 3232 Jesus
1975 3115 2196 3199 filius
2248 3115 2539 3200 Sirach
2607 3142 2751 3202 eos
2816 3121 3428 3228 conscripsisse

621 3248 1320 3331 constantissime
1377 3240 1920 3354 perhibetur,
1991 3246 2144 3356 qui
2193 3260 2491 3329 tamen
2559 3304 2591 3350 ,
2650 3248 3067 3359 quoniam
3120 3248 3215 3327 in
3288 3274 3430 3332 au-

621 3376 1113 3457 ctoritatem
1178 3370 1449 3479 recipi
1533 3389 2049 3455 meruerunt
2085 3428 2117 3475 ‚
2170 3374 2406 3456 inter
2492 3373 3035 3486 propheticos
3116 3399 3427 3461 nume-

625 3494 878 3581 randi
937 3515 1148 3582 sunt
1181 3549 1205 3575 .
1270 3492 1623 3605 Reliqui
1686 3515 1894 3578 sunt
1960 3523 2261 3582 eorum
2316 3500 2573 3603 libri,
2599 3502 2751 3611 qui
2815 3501 3160 3611 proprie
3222 3497 3427 3585 Pro·

617 3624 928 3737 phetae
992 3619 1541 3734 appellantur
1569 3679 1602 3726 ,
1636 3617 2099 3707 duodecim
2144 3620 2766 3737 Prophetarum
2816 3625 3006 3707 libri
3061 3627 3428 3740 singuli,

617 3753 774 3862 qui
828 3746 1206 3832 connexi
1260 3743 1658 3853 sibimet,
1692 3751 2115 3858 quoniam
2170 3777 2636 3861 nunquam
2703 3747 3082 3857 sejuncti
3149 3771 3358 3836 sunt
3394 3811 3430 3859 ‚

617 3902 779 3987 pro
848 3902 1034 3959 uno
1085 3872 1513 3958 habentur
1544 3931 1577 3978 ,
1633 3901 2009 3985 quorum
2080 3875 2702 3989 Prophetarum
2767 3878 3134 3957 nomina
3216 3899 3428 3966 sunt

614 3999 821 4086 haec
860 4057 889 4102 ‚
923 4000 1150 4084 Osee
1175 4055 1206 4102 ,
1243 3995 1429 4112 Joel
1463 4055 1494 4102 ,
1547 3996 1821 4083 Amos
1858 4057 1888 4102 ,
1921 3996 2239 4085 Abdias
2274 4058 2305 4105 ,
2359 4001 2620 4118 Jonas
2658 4058 2687 4103 ‚
2725 3996 3155 4084 Michaeas
3187 4061 3215 4104 ‚
3255 4001 3426 4089 Na-

615 4124 830 4211 hum
873 4183 903 4228 ,
935 4125 1374 4226 Habacuc,
1407 4121 1911 4236 SophoniaS‚
1933 4123 2327 4242 Aggaeus
2357 4183 2386 4230 ,
2411 4125 2840 4228 Zacharias
2877 4185 2905 4228 ,
2931 4124 3423 4238 Malachias,

616 4247 936 4336 deinde
1004 4270 1371 4364 quatuor
1427 4249 1902 4363 Prophetae
1980 4270 2190 4336 sunt
2274 4252 2704 4359 majorum
2785 4254 3338 4339 voluminum
3393 4316 3426 4363 ‚

508 4375 518 4402 ‘
615 4375 862 4462 Isaias
897 4436 926 4480 ‚
959 4376 1366 4493 Jeremias
1400 4375 1771 4480 ,Daniel
1812 4436 1842 4482 ,
1869 4376 2265 4463 Ezechiel
2303 4436 2328 4459 .
2391 4377 2550 4460 His
2606 4374 3162 4496 quadraginta
3217 4410 3424 4490 qua-

621 4523 825 4589 tuor
886 4503 1119 4588 libris
1168 4501 1712 4587 Testamenti
1761 4508 2073 4591 veteris
2118 4507 2637 4590 terminatur
2691 4511 3142 4590 auctoritas
3173 4564 3193 4588 .
3234 4504 3422 4591 No-

613 4634 706 4718 vi
761 4646 1054 4714 autem
1113 4649 1482 4743 quatuor
1533 4627 1766 4713 libris
1818 4631 2488 4750 Evangeliorum
2540 4689 2571 4736 ,
2631 4630 3118 4719 secundum
3188 4630 3418 4717 Mat-

615 4754 966 4840 thaeum
1003 4815 1032 4860 ‚
1062 4752 1550 4842 secundum
1607 4757 2016 4842 Marcum
2042 4817 2072 4862 ,
2126 4753 2617 4845 secundum
2674 4759 3008 4846 Lucam
3041 4818 3066 4858 ‚
3100 4787 3419 4845 secun-

618 4876 830 4964 dum
890 4881 1378 4997 Johannem
1413 4914 1438 4965 ε
1511 4881 2164 4995 quatuordecim
2212 4884 2454 4969 Pauli
2511 4881 2904 4998 Apostoli
2959 4887 3350 4999 Epistolis
3386 4945 3418 4989 ,

618 5002 728 5090 ad
772 5005 1221 5095 Romanos
1248 5069 1280 5117 ,
1315 5005 1423 5094 ad
1486 5009 1983 5098 Corinthios
2017 5008 2340 5098 duabus
2372 5069 2403 5116 ,
2445 5010 2554 5098 ad
2583 5009 2918 5102 Galatas
2951 5070 2985 5121 ,
3017 5010 3124 5098 ad
3146 5014 3421 5128 Ephe-

2364 5138 2448 5219 D
2485 5164 2536 5220 2
3195 5141 3357 5221 SiOS
3384 5189 3417 5241 2
