4913 6618
554 732 792 839 ‘gesta
837 710 1486 823 describantur-3
1541 700 1912 828 perinde
1975 736 2077 799 ac
2102 750 2107 753 ,
2133 714 2208 797 si
2264 765 2298 819 ‚
2358 737 2582 825 quae
2642 703 2862 797 liher
2939 601 3369 795 bellomniz

554 846 921 934 Domini
983 845 1365 956 capiebat
1396 901 1429 949 ‚
1486 845 1813 927 iterum
1869 842 1968 925 in
2015 837 2603 925 Numerorum
2636 836 2854 920 libro
2892 832 3135 922 nefas
3164 830 3374 916 fuis-
3485 842 3494 852 ‘

558 990 692 1055 set
737 996 1410 1058 commemorare
1446 1023 1469 1048 .
1533 968 1954 1053 Postremi
2007 990 2217 1052 vero
2273 991 2458 1048 non
2515 960 2983 1048 advertunt
3047 960 3366 1042 librum

539 1097 947 1205 Judicum
1039 1121 1221 1180 esse
1298 1097 1516 1179 libro
1611 1094 2193 1180 Numerorum
2272 1106 2669 1202 tempore
2737 1087 3299 1200 posteriorem
3335 1137 3361 1164 .

558 1218 820 1315 Liber
874 1221 1085 1307 alter
1110 1279 1141 1324 ‚
1185 1224 1639 1330 Justorum
1694 1217 2096 1304 videlicet
2122 1275 2153 1318 ‚
2216 1243 2403 1301 non
2471 1212 2735 1300 modo
2756 1216 2851 1296 in
2883 1214 3137 1330 Josue
3165 1234 3247 1291 c.
3269 1225 3361 1289 x.

557 1368 647 1430 v.
694 1377 834 1461 13.
896 1403 927 1449 ,
988 1373 1297 1434 verum
1379 1348 1639 1429 etiam
1694 1347 1793 1427 in
1852 1343 1951 1424 11.
2003 1340 2223 1458 Reg.
2285 1370 2477 1454 cap.
2516 1361 2577 1424 Ι.
2644 1371 2730 1429 v.
2779 1340 2917 1423 18.
2980 1331 3368 1421 laudatus

563 1474 944 1555 occurrit
977 1529 1001 1554 .
1069 1470 1194 1554 Ex
1250 1470 1410 1555 hoc
1465 1497 1724 1581 porro
1787 1466 2039 1549 libros
2094 1466 2510 1551 Samuelis
2570 1466 2833 1550 fuisse
2863 1458 3367 1565 adornato&

563 1598 949 1708 primum
986 1621 1309 1705 nempe
1341 1653 1372 1698 ,
1432 1612 1524 1677 et
1572 1594 1936 1678 alterum
1967 1590 2315 1705 Regum
2349 1651 2380 1694 ‚
2442 1589 2738 1677 docuit
2767 1590 3132 1675 Sanctus
3165 1585 3372 1670 Hie·

566 1745 993 1834 ronymus
1052 1725 1145 1804 iu
1218 1736 1544 1828 quaest.
1600 1744 1858 1831 super
1907 1716 2052 1799 lib.
2106 1716 2455 1832 Regum
2513 1772 2545 1819 ,
2606 1713 2817 1800 inde
2865 1713 3367 1827 praesertim

566 1866 855 1930 motus
924 1903 955 1949 ,
1042 1840 1271 1958 quod
1355 1846 1737 1957 plurium
1821 1842 2249 1951 justorum
2339 1859 2574 1959 gesta
2627 1845 2725 1925 in
2802 1840 2960 1924 illis
3037 1839 3372 1925 fuerint

565 1991 960 2056 enarrata
991 2027 1015 2054 .
1083 1970 1336 2053 Stant
1379 1996 1484 2053 ex
1527 1967 1880 2055 adverso
1909 1964 2207 2084 Judaei
2241 2024 2273 2069 ,
2335 1994 2708 2079 quorum
2754 1967 3019 2080 aliqui
3050 1964 3370 2050 librum

549 2097 1003 2205 ,Iustorum
1059 2151 1091 2198 ,
1154 2090 1611 2180 duodecim
1684 2095 2305 2205 Prophetarum
2380 2093 2692 2177 librum
2742 2119 2925 2178 esse
2985 2107 3374 2177 conten-

552 2217 798 2306 ·dunt
824 2281 851 2307 .
910 2219 1247 2306 Verum
1307 2223 1668 2333 inepte:
1735 2218 2046 2329 Neque
2076 2219 2322 2300 enim
2368 2217 2577 2303 haec
2624 2223 3062 2303 sententia
3089 2232 3377 2328 potest

569 2343 911 2431 admitti
947 2401 979 2448 ,
1040 2348 1257 2456 quin
1331 2343 1948 2428 subinducatur
2001 2342 2238 2425 mille
2269 2339 2453 2425 fere
2486 2371 2926 2437 annorum
2973 2341 3376 2426 anachro-

572 2475 913 2555 nismus
976 2528 998 2551 .
1066 2469 1467 2553 Censent
1522 2471 1815 2552 minus
1892 2471 2291 2577 imperite
2343 2465 2859 2583 Judaeorum
2908 2471 3048 2552 alii
3111 2492 3318 2550 eum
3342 2521 3377 2571 ,

573 2623 754 2706 quo
822 2592 929 2678 de
983 2596 1307 2709 agimus
1341 2652 1370 2694 ‚
1432 2620 1613 2676 esse
1667 2596 1988 2677 librum
2043 2594 2298 2709 Legi-s
2357 2650 2388 2696 ,
2450 2598 2546 2676 in
2624 2624 2800 2707 quo
2853 2615 3042 2679 acta
3095 2595 3375 2704 justo-

572 2746 774 2802 rum
801 2776 831 2820 ‚
893 2720 1217 2801 scilicet
1249 2715 1680 2803 Abraham
1712 2778 1743 2823 ,
1805 2718 2031 2810 Isaac
2070 2775 2101 2820 ,
2136 2716 2473 2831 Moysis
2509 2776 2541 2823 ,
2567 2721 3103 2832 aliorumque
3134 2744 3376 2802 com-

572 2839 1238 2957 prehenduntur
1271 2900 1302 2945 ,
1363 2862 1622 2955 atque
1685 2847 2044 2958 insuper
2098 2846 2543 2929 monitum
2600 2843 2708 2930 de
2761 2846 3377 2932 exercitatione

574 2973 668 3053 in
725 2997 932 3053 arcu
986 2969 1447 3052 tractando
1504 2971 1606 3052 ΙΙ.
1672 2969 1888 3086 Reg.
1945 2974 2264 3052 iterum
2332 2969 2943 3057 commendata
3002 3031 3025 3054 .
3093 2970 3377 3052 Limi-

576 3111 774 3180 tant
864 3095 1004 3178 alii
1086 3096 1537 3202 Justorum
1619 3092 1937 3179 librum
1993 3098 2090 3176 in
2164 3093 2469 3176 Exodo
2537 3153 2562 3175 .
2662 3095 3004 3181 Certius
3076 3112 3378 3179 tamen

577 3213 620 3336 (
676 3218 864 3328 jure
918 3222 1213 3330 inquit
1268 3215 1725 3331 perdoctus
1808 3222 1893 3304 S.
1958 3218 2073 3300 R.
2134 3217 2232 3301 E.
2306 3214 2412 3302 C.
2475 3214 2719 3303 Gotti
2778 3225 2873 3305 in
2945 3220 3381 3334 praeclaro

575 3371 838 3456 opere
906 3403 936 3447 ‚
1026 3349 1170 3432 cui
1249 3348 1548 3430 titulus
1624 3380 1647 3429 ε
1726 3348 2074 3435 Veritas
2144 3343 2693 3431 Christianae
2778 3347 3259 3467 Religionis
3326 3342 3375 3457 )

577 3495 787 3554 cum
846 3466 1388 3553 Theodoreto
1450 3492 1779 3581 quaest.
1836 3476 1926 3556 in
1971 3470 2226 3586 Josue
2256 3529 2287 3574 ,
2353 3473 2883 3558 existimatur
2908 3533 2936 3579 ,
2999 3473 3386 3560 vetustis·

574 3598 898 3679 simum
959 3592 1219 3676 fuisse
1246 3611 1255 3616 “
1283 3600 2012 3678 commentarium
2051 3653 2074 3676 .
2140 3597 2488 3680 Praeter
2533 3598 2951 3685 hactenus
3016 3597 3383 3683 adnota-

576 3736 712 3803 tos
747 3777 777 3821 ‚
837 3743 1154 3829 eosque
1205 3745 1420 3828 quos
1454 3722 1548 3800 in
1586 3717 1953 3804 Canone
1983 3715 2284 3806 Esdras
2316 3725 2824 3830 perstriuxit
2859 3782 2889 3826 ‚
2950 3724 3090 3805 alii
3155 3715 3386 3833 apud

569 3839 930 3962 Judaeos
978 3844 1168 3954 plus
1220 3900 1251 3945 ,
1315 3845 1716 3932 minusve
1770 3844 2322 3956 ReligIonem
2379 3842 2860 3931 afficientes
2925 3902 2959 3950 ‚
3021 3844 3385 3931 Codices

577 3972 937 4054 extitere
973 4023 995 4046 .
1060 3969 1422 4050 Librum
1476 3965 1585 4051 de
1635 3970 1911 4085 Regia
1965 3967 2271 4050 Politia
2336 3971 2676 4079 scripsit
2730 3971 3146 4077 Samuel,
3206 3996 3386 4083 quo

580 4089 693 4178 de
757 4090 978 4207 Reg.
1046 4119 1233 4204 cap.
1273 4110 1333 4172 1.
1398 4120 1486 4176 v.
1532 4122 1672 4177 10.
1721 4094 1928 4180 haec
1962 4093 2390 4177 habentur
2423 4147 2449 4174 .
2513 4095 2889 4180 Locutus
2914 4117 3045 4182 est
3091 4116 3387 4181 autem
3485 4195 3491 4202 ‚

581 4217 939 4303 Samuel
983 4219 1107 4300 acl
1134 4217 1564 4330 populum
1614 4220 1888 4337 Iegem
1953 4219 2203 4335 regni
2241 4275 2271 4319 ‚
2336 4218 2442 4307 <8⁶
2494 4223 2852 4332 scripsit
2938 4223 3030 4305 in
3111 4221 3324 4305 libro
3359 4278 3394 4328 ‚

585 4341 695 4433 ὅς
720 4345 1104 4453 reposuit
1134 4370 1421 4426 coram
1455 4344 1829 4427 Domiiio
1858 4401 1880 4423 .
1918 4342 2259 4425 Nathan
2308 4370 2664 4453 quoque
2697 4403 2728 4448 ,
2783 4342 2975 4431 Gad
3008 4405 3039 4451 ,
3061 4343 3326 4456 Ahjas
3360 4402 3395 4450 ,

584 4465 674 4553 81
736 4462 988 4550 Addo
1017 4467 1489 4579 Prophetae
1518 4468 1770 4553 libros
1804 4465 2325 4579 descripsere
2351 4530 2375 4554 .
2438 4469 2572 4552 De
2610 4469 2981 4556 Nathan
3010 4529 3041 4575 ,
3072 4470 3160 4558 ἃ
3196 4470 3402 4556 Gacl

585 4592 769 4676 inl.
797 4594 1508 4703 Paralipomenon
1545 4598 1665 4679 sic
1690 4597 2111 4706 scriptum
2141 4594 2502 4708 legimus
2536 4595 2815 4707 cap&
2838 4626 2928 4681 v.
2950 4629 2978 4678 ι
3001 4628 3085 4709 9.
3117 4597 3388 4681 Gesta

583 4736 876 4801 autem
899 4718 1269 4802 Daviclis
1304 4774 1327 4798 .
1362 4779 1381 4799 .
1420 4775 1442 4798 .
1467 4720 1793 4831 scripta
1820 4737 2040 4803 sunt·
2070 4720 2161 4800 in
2196 4719 2409 4802 libro
2443 4719 2807 4806 Nathan
2841 4722 3327 4835 Prophetae
3357 4777 3393 4827 ‚

587 4858 854 4949 atque
882 4845 974 4924 in
999 4843 1426 4929 volumine
1464 4844 1666 4928 Gad
1691 4842 2061 4928 videntis
2095 4898 2118 4922 .
2178 4838 2453 4958 Ahjae
2487 4871 2751 4949 vero,
2814 4862 2905 4931 et
2960 4847 3222 4930 Addo
3280 4845 3383 4930 ΙΙ.

589 4962 1092 5076 Paralipom.
1124 4973 1438 5080 capax.
1464 4996 1722 5082 v.29.
1771 4972 1896 5053 sic
1929 4970 2209 5085 legere
2254 4985 2433 5052 este
2473 4971 2843 5083 Reliqua
2875 4990 3167 5054 autem
3199 4999 3396 5085 ope-

592 5116 789 5177 rum
823 5090 1306 5181 Salomonis
1318 5096 1715 5208 priorum
1746 5151 1782 5204 2
1815 5092 1922 5186 δε
1948 5094 2606 5183 novissimorum
2658 5096 2982 5212 scripta
3043 5114 3251 5184 sunt
3300 5098 3400 5181 in

3200 5245 3408 5308 ver-
