4913 6618
1507 579 1769 759 ?uisse
1856 671 2278 789 Regnum
2332 663 2844 760 moderante
2919 669 3419 757 Ptolomaeo
3483 661 4031 785 Philadelpho
4067 725 4097 776 ‚
4161 673 4320 782 qui

1512 799 1880 916 Regiam
1906 791 2480 883 Alexandriae
2510 797 3124 884 Bibliothecam
3161 856 3192 904 ,
3253 814 3615 882 curante
3645 797 4094 882 Demetrio
4111 793 4322 880 Pha·
4398 805 4402 809 ’

1518 926 1749 1010 lereo
1781 982 1807 1024 ,
1872 927 2219 1010 mirum·
2271 928 2367 1007 in
2430 920 2792 1012 modum
2847 938 3190 1009 auctam
3247 919 3727 1036 possidebat
3759 980 3786 1021 ,
3848 921 4256 1006 Eusebius
4290 974 4324 1023 ‚

1512 1049 2042 1163 Epiphanius
2077 1106 2108 1154 ‚
2169 1050 2486 1162 aliique
2543 1049 2825 1162 plures
2886 1078 3094 1137 cum
3159 1068 3492 1137 veteres
3541 1104 3574 1155 ,
3634 1067 3831 1134 tum
3887 1049 4336 1134 recentio-

1516 1201 1655 1258 res
1706 1172 2247 1262 tradiderunt
2281 1231 2306 1258 .
2369 1172 2495 1262 Ex
2540 1175 2896 1264 adverso
2939 1195 3108 1262 stat
3172 1178 3568 1261 lrenaeus
3630 1173 3776 1257 lib.
3808 1193 3932 1256 111.
3971 1197 4316 1286 cap-25.

1516 1299 1962 1386 affirmans
1997 1357 2028 1406 ,
2088 1307 2586 1388 versionem
2643 1305 2873 1390 illam
2928 1301 3032 1385 ad
3084 1323 3478 1415 tempora
3528 1300 3797 1417 Regis
3854 1296 4324 1385 Ptolomaei

1518 1423 1865 1542 Lagidis
1928 1451 2110 1510 esse
2176 1424 2723 1514 referendam
2782 1487 2804 1512 .
2897 1426 3314 1514 Clemens
3370 1423 4014 1512 Alexandrinus
4067 1423 4211 1507 lib.
4259 1439 4322 1503 ῐ.

1514 1548 2050 1637 Stromatum
2086 1606 2118 1655 ‚
2177 1572 2637 1667 utramque
2723 1555 2842 1640 ita
2937 1558 3299 1668 exponit
3360 1558 3876 1666 opinionem
3913 1609 3943 1655 ,
4004 1566 4106 1633 ut
4168 1573 4325 1659 po-
4408 1566 4417 1574 ·

1517 1691 1932 1763 stremam
1996 1696 2347 1767 censeat
2435 1681 2743 1790 majori
2837 1679 3144 1767 fretam
3202 1683 3680 1764 extrinseca
3738 1676 4246 1761 authoritate
4296 1722 4324 1750 .

1521 1799 1609 1883 S.
1638 1801 1735 1891 P.
1787 1802 2332 1919 Augustinus
2394 1807 2590 1891 loco
2633 1831 2890 1918 supra
2952 1813 3216 1892 citato
3248 1806 3622 1890 abstinet
3682 1830 3731 1886 a
3790 1821 4325 1921 cognomen-

1518 1943 1616 2011 to
1662 1929 1883 2013 illius
1931 1930 2400 2019 Ptolomaei
2439 1988 2470 2034 ‚
2532 1932 2689 2015 sub
2738 1935 2986 2043 cujus
3041 1935 3410 2045 imperio
3442 1928 3775 2017 factum
3817 1948 3947 2017 est
3981 1988 4012 2033 ‚
4073 1946 4174 2014 ut
4201 1948 4327 2005 sa-

1521 2055 1650 2136 cri
1712 2055 2306 2144 Hebraeorum
2371 2058 2562 2141 libri
2617 2056 2950 2145 Graeco
3018 2056 3423 2143 idiomate
3477 2057 4233 2142 conscriberentur
4296 2101 4324 2129 ο

1521 2175 1727 2264 Non
1784 2178 2105 2268 desunt
2178 2240 2209 2288 ,
2302 2185 2454 2295 qui
2520 2209 2727 2269 cum
2811 2181 3194 2269 Gerardo
3253 2186 3658 2302 Johanne
3716 2180 4021 2268 Vossio
4073 2182 4221 2266 lib.
4259 2192 4323 2254 ¹·

1518 2326 1706 2416 cap.
1766 2334 1963 2412 120,
2025 2326 2488 2422 utramque
2547 2315 3075 2396 sententiam
3159 2315 3440 2398 velint
3507 2311 3971 2396 conciliare
4031 2334 4135 2392 ex
4189 2324 4332 2393 te-

1521 2434 1938 2518 stimonio
2002 2428 2458 2543 Anatolii,
2519 2440 2671 2548 qui
2734 2435 2964 2551 apud
3028 2437 3488 2523 Eusebium
3521 2438 3665 2523 lib.
3702 2470 3784 2551 7.
3844 2434 4040 2519 hist.
4079 2449 4323 2547 c.32·

1523 2549 1633 2637 de
1688 2554 2184 2645 Aristobulo
2240 2588 2737 2648 sermonem
2782 2569 3253 2648 instituens
3300 2568 3654 2677 inquit,
3713 2563 3877 2646 illis
3926 2587 4108 2647 esse
4169 2554 4328 2642 ad·

1523 2683 2173 2773 numerandum
2202 2744 2231 2792 ‚
2294 2694 2441 2802 qui
2472 2714 2703 2773 sacra
2733 2691 3327 2776 Hebraeorum
3364 2692 3806 2780 volumina
3837 2692 3929 2771 in
3966 2688 4332 2806 gratiam

1524 2802 1994 2897 Ptolomaei
2094 2813 2616 2928 Philadelphi
2683 2876 2713 2922 ,
2796 2816 2884 2903 8<
2973 2825 3356 2931 parentis
3434 2822 3698 2930 ipsius
3787 2813 4332 2927 interpretati

1523 2950 1734 3016 sunt
1769 2991 1794 3017 .
1861 2936 2096 3024 Hinc
2157 2939 2261 3024 ad
2310 2947 2755 3051 utriusque
2792 2952 3185 3058 tempora
3207 2947 3326 3029 ita
3358 2949 3850 3032 versionem
3874 2937 4264 3025 referunt
4295 2996 4330 3045 ‚

1523 3074 1626 3140 ut
1681 3061 1838 3143 sub
1906 3091 2088 3148 uno
2146 3066 2408 3154 fiJerit
2475 3091 2871 3183 promota
2936 3131 2966 3175 ‚
3027 3071 3113 3157 8<
3177 3072 3441 3155 altero
3521 3068 3992 3184 Regnante
4082 3090 4328 3151 com-

1518 3184 1748 3291 pleta
1785 3244 1809 3266 .
1881 3188 2116 3276 Haec
2192 3222 2450 3305 porro
2531 3200 3162 3281 conciliationis
3226 3200 3441 3283 ratio
3498 3252 3528 3297 ,
3595 3220 3814 3304 quae
3902 3197 4071 3276 suis
4139 3212 4327 3275 non

1518 3333 1751 3399 caret
1815 3315 2416 3405 fundamentis
2483 3339 2610 3405 sat
2667 3326 2916 3408 nobis
2978 3321 3295 3408 arridet
3355 3380 3377 3405 .
3442 3318 3679 3437 Quid
3742 3346 3948 3408 vero
4025 3316 4135 3403 de
4190 3343 4332 3402 se-

1520 3440 1947 3562 nioribus
1974 3459 2244 3529 Lxxn.
2308 3450 2412 3531 ab
2454 3447 2858 3534 Eleazaro
2925 3453 3419 3538 constitutis
3449 3508 3481 3549 ,
3543 3466 3644 3533 ut
3707 3449 3800 3531 in
3842 3471 4076 3533 novo
4097 3442 4331 3529 ador·

1521 3563 1823 3648 nando
1877 3596 2139 3681 opere
2201 3600 2360 3683 pro
2408 3572 2880 3661 Ptolomaei
2931 3583 3153 3665 votis
3209 3577 3438 3660 bene
3491 3633 3521 3679 ,
3583 3574 4032 3685 fausteque
4081 3566 4333 3656 cede·

1518 3710 1721 3775 rent
1781 3698 2083 3780 omnia
2119 3692 2162 3779 2
2194 3698 2667 3811 Utriusque
2722 3703 3071 3819 linguae
3137 3702 3608 3786 Hebraicae
3665 3704 4088 3786 nimirum
4149 3751 4181 3801 ‚
4240 3694 4333 3782 δε

1514 3809 1895 3906 Graecae
1949 3821 2208 3906 fiaisse
2246 3830 2889 3944 ⁴scientissimos
2923 3886 2953 3932 ,
3017 3853 3307 3940 neque
3363 3833 3657 3911 minus
3715 3829 3921 3944 legis
3952 3826 4267 3940 peritos
4295 3874 4328 3927 ,

1514 3971 1650 4027 res
1699 3949 1878 4056 ipsa
1924 3948 2310 4055 loquitur
2347 4007 2376 4053 ‚
2439 3976 2539 4034 ac
2607 3970 2941 4037 veteres
2996 3953 3272 4038 ferme
3333 3981 3639 4041 omnes
3668 3955 3954 4039 Patres
3992 4009 4021 4057 ‚
4085 3948 4175 4037 ἃ
4205 3952 4330 4032 in·-

1516 4085 1938 4180 terpretes
2001 4069 2549 4161 tradiderunt
2581 4130 2606 4157 .
2672 4074 2931 4161 Haud
2987 4099 3290 4164 tamen
3360 4110 3632 4195 aeque
3697 4094 4248 4192 compertum
4298 4130 4331 4179 9

1517 4220 1632 4277 an
1708 4193 2211 4314 synagogae
2243 4229 2613 4320 magnae
2641 4200 2936 4289 forent
2984 4233 3435 4292 assessores
3468 4265 3496 4310 ‚
3558 4206 3700 4296 vel
3733 4212 4019 4319 potius
4072 4229 4123 4287 e
4155 4225 4337 4320 gre·

1517 4320 1702 4405 mio
1762 4324 2444 4439 uniuscujusque
2505 4328 2819 4415 Tribus
2873 4336 3341 4444 assumpti.
3404 4334 3773 4419 Eleazari
3821 4328 4179 4447 epistola
4225 4321 4335 4410 ad

1514 4444 2113 4536 Ptolomaeum
2176 4510 2206 4556 ,
2261 4451 2676 4570 Josephus
2741 4458 2888 4541 lib.
2930 4475 3024 4539 11.
3096 4456 3632 4571 Antiquitat.
3706 4483 3896 4570 cap.
3940 4484 4025 4541 2.
4067 4513 4098 4562 ‚
4161 4453 4330 4537 Eu-

1512 4572 1794 4658 sebius
1845 4575 1993 4659 lib.
2030 4593 2224 4662 V111.
2289 4578 2775 4688 Praeparat.
2833 4582 3404 4700 Evangelicae
3440 4646 3470 4693 ‚
3530 4586 3617 4670 S.
3654 4585 3750 4669 P.
3788 4577 4335 4700 Augustinus

1514 4697 1666 4780 lib.
1702 4717 1957 4786 xvm.
2029 4699 2137 4785 de
2191 4701 2459 4791 Civit.
2493 4705 2658 4788 Dei
2693 4762 2723 4808 ,
2786 4706 3104 4820 aliique
3128 4734 3431 4797 eorum
3451 4711 3759 4801 favent
3791 4713 4336 4812 sententiae,

1516 4822 1674 4933 qui
1723 4826 2067 4910 malunt
2120 4853 2169 4911 e
2228 4821 2586 4947 singulis
2647 4829 3080 4919 Tribubus
3137 4862 3393 4923 senes
3442 4899 3470 4941 ,
3531 4838 3767 4950 juxta
3860 4835 4338 4924 Ptolomaei

1516 4949 2034 5060 petitionem
2093 5012 2123 5057 ‚
2183 4951 2443 5041 fi1isse
2492 4978 2970 5073 assumptos
3038 5018 3069 5066 ,
3131 4978 3393 5074 atque
3454 4962 3879 5082 delegatos
3928 5022 3959 5067 ‚
4052 4967 4337 5076 iisque

1517 5073 1766 5161 facile
1822 5083 2342 5166 assentimur
2376 5139 2399 5162 .
2467 5080 2636 5167 Sed
2694 5089 2791 5173 in
2853 5113 2958 5174 eo
3009 5115 3356 5202 quoque
3421 5083 3839 5178 dissident
3919 5087 4335 5178 Ecclesia-

4168 5217 4333 5297 sti-
