4913 6618
1728 620 1741 627 -
3353 526 3473 625 57

677 646 948 728 'stram
981 695 1005 719 .
1054 624 1489 741 Tempore
1542 618 2137 738 Hieronymi,
2194 617 2616 738 quidquid
2686 618 2947 711 fuerit
3013 621 3121 713 de
3186 627 3478 717 Evan-

680 766 1102 886 geliorum
1161 816 1193 858 ‚
1255 757 1786 864 aliorumque
1847 777 2283 836 sacrorum
2362 752 2792 838 Codicum
2860 757 3396 871 autographis
3448 816 3481 863 ‚

677 894 968 979 fontes
1034 881 1405 967 Graecos
1471 880 1795 964 affatim
1877 907 2136 990 puros
2215 875 2488 961 adhuc
2555 877 3074 987 superfuisse
3142 939 3171 983 ‚
3269 882 3482 969 inde

676 1006 1147 1105 monemur
1200 1065 1231 1109 ‚
1317 1004 1550 1117 quod
1611 1006 2022 1088 Damasus
2086 1005 2534 1088 Romanus
2607 1000 3011 1088 Pontifex
3077 1027 3483 1094 sanctum

678 1142 1154 1229 Doctorem
1216 1135 1658 1245 impulerit
1691 1173 1747 1232 ,·
1784 1150 1884 1215 ut
1945 1130 2295 1219 Novum
2349 1132 3018 1217 Testamentum
3076 1129 3180 1212 ad
3234 1130 3486 1218 Grae·

675 1294 871 1355 carn
930 1260 1376 1349 reduceret
1459 1263 1915 1345 veritatem
1974 1316 2004 1359 ‚
2101 1257 2828 1371 quemadmodum
2889 1258 3484 1369 Hieronymus

668 1399 860 1508 ipse
889 1451 918 1493 ‚
977 1393 1073 1470 in
1125 1381 1836 1483 Praefatione'ad
1896 1407 2264 1492 quatuor
2329 1386 2793 1501 Evangelia
2847 1443 2876 1483 ,
2939 1382 3202 1468 fidem
3275 1385 3485 1472 facit

677 1518 1135 1606 indubiam
1164 1566 1187 1589 .
1255 1506 1427 1592 Sed
1481 1508 1568 1596 ἃ
1621 1514 1712 1594 in
1757 1510 2130 1621 Epistola
2175 1510 2278 1594 ad
2361 1512 2860 1595 Marcellam
2932 1567 2961 1611 ,
3024 1530 3484 1623 postquam

671 1645 942 1733 fassus
1000 1657 1130 1719 est
1185 1664 1275 1720 se
1340 1637 1435 1716 in
1504 1634 1869 1752 Vulgata
1960 1637 2277 1721 Latina
2338 1696 2386 1753 ,ἱ
2464 1637 3135 1751 Evangeliorum
3198 1641 3487 1749 aliqua

676 1763 1186 1859 emendasse
1221 1823 1250 1865 ‚
1310 1760 1397 1847 81
1453 1759 1559 1844 ad
1626 1760 2043 1847 Graecam
2097 1767 2525 1879 originem
2611 1784 3065 1849 revocasse
3110 1821 3141 1866 ‚
3204 1765 3485 1849 obtre-

580 1882 585 1888 ’
678 1916 1050 1984 ctatores
1111 1915 1305 1974 suos
1373 1906 1957 1974 contemnens
2004 1890 2126 1973 ita
2182 1892 2524 1975 scribit:
2597 1888 2688 1973 Si
2753 1886 3144 2000 displicet
3213 1888 3486 1976 fontis

676 2021 921 2108 unda
974 2017 1407 2129 purissimi
1442 2075 1472 2120 ‚
1536 2042 1950 2099 coenosos
2021 2016 2336 2101 rivulos
2390 2016 2693 2101 bibant
2725 2072 2755 2117 ‚
2816 2014 2904 2100 ἃ
2949 2013 3486 2131 diligentiam

676 2176 851 2260 qua
896 2147 1190 2231 avium
1248 2141 1529 2252 sylvas
1603 2201 1633 2246 ‚
1718 2138 1806 2225 81
1862 2142 2390 2226 concharum
2454 2144 2828 2258 gurgites
2894 2160 3228 2226 norunt
3290 2203 3317 2248 ,
3383 2148 3482 2230 in

684 2270 1152 2387 Scripturis
1207 2264 1593 2379 legendis
1649 2268 2060 2375 abjiciant
2121 2324 2187 2371 9,
2253 2324 2275 2346 .
2340 2268 2666 2354 Similia
2732 2266 3068 2352 exhibet
3132 2272 3224 2350 in
3284 2271 3490 2383 Epi-

678 2399 891 2484 stola
939 2391 1048 2481 ad
1102 2394 1569 2476 Damasum
1616 2389 1725 2476 de
1788 2397 2056 2481 verbo
2109 2395 2460 2481 Osanna
2495 2455 2517 2479 .
2586 2389 2802 2478 Illud
2827 2422 2830 2425 ¹
2856 2411 3091 2478 certe
3129 2399 3222 2477 in
3266 2398 3487 2482 Hae-

676 2528 1151 2610 reticorum
1217 2544 1461 2601 more
1521 2522 1901 2629 positum
1962 2548 2304 2634 semper
2368 2519 2540 2608 fuit
2606 2580 2636 2625 ‚
2711 2537 2816 2602 ut
2899 2523 3241 2607 veritati
3330 2550 3489 2634 per

681 2678 958 2735 omne
1006 2641 1250 2729 nefas
1291 2644 1805 2729 obsisterent
1839 2705 1869 2751 ,
1929 2646 2017 2733 8(
2073 2674 2350 2731 sacros
2415 2640 2631 2735 novi
2694 2643 3058 2729 foederis
3123 2645 3491 2735 Codices

676 2775 889 2861 olim
949 2771 1369 2858 vitiarent
1398 2826 1423 2848 .
1484 2769 1766 2854 Testis
1859 2793 1990 2859 est
2074 2773 2663 2859 Tertullianus
2740 2772 2882 2857 lib.
2909 2793 2999 2861 V.
3089 2769 3493 2861 adversus

677 2901 1234 2988 Marcionem
1270 2953 1302 3000 ,
1365 2899 1604 2978 testis
1659 2900 1893 3001 inter
1928 2900 2130 2984 alios
2162 2957 2192 3002 ‚
2251 2899 2339 2986 81
2393 2901 2803 2984 Eusebius
2860 2900 3003 2981 lib.
3040 2919 3129 2987 v.
3183 2900 3486 2986 histor.

681 3027 1175 3113 Ecclesiast.
1246 3047 1432 3132 cap.
1505 3021 1815 3108 ultimo
1881 3081 1906 3105 .
2006 3023 2365 3108 Stabant
2438 3053 2649 3115 vero
2701 3049 2811 3108 ex
2874 3022 3230 3110 adverso
3283 3056 3495 3138 qua-

686 3151 931 3236 drato
992 3148 1233 3236 velut
1288 3151 1635 3264 agmine
1703 3208 1733 3254 ,
1795 3149 2218 3235 Ecclesiae
2273 3151 2565 3238 Patres
2621 3212 2651 3257 ‚
2740 3155 2896 3262 qui
2959 3150 3496 3240 falsariorum

683 3276 1338 3391 depravationes
1392 3274 1730 3387 lynceis
1763 3279 2031 3362 oculis
2062 3298 2538 3366 cernerent
2563 3339 2594 3384 ‚
2657 3297 2917 3389 atque
2960 3276 3438 3365 refutarent
3465 3337 3492 3366 .

678 3406 927 3490 ‘Hinc
1007 3397 1214 3484 illud
1303 3401 1767 3512 Epiphanii
1843 3405 2160 3488 haeres.
2220 3426 2426 3489 XLII.
2498 3425 2803 3492 contra
2875 3404 3425 3493 Marcionem
3461 3437 3488 3491 ε

677 3529 862 3616 Etsi
924 3548 1029 3614 tu
1087 3552 1273 3608 non
1341 3525 1779 3639 relinquas
1835 3528 2366 3642 Scripturam
2393 3593 2423 3638 ‚
2486 3528 3223 3645 quemadmodum
3259 3561 3308 3615 a
3334 3532 3502 3618 Sal·-

686 3673 986 3743 vatore
1045 3655 1623 3764 pronunciata
1695 3674 1825 3740 est
1886 3713 1915 3758 ,
2011 3676 2476 3745 serventur
2565 3678 2861 3742 tamen
2926 3657 3084 3739 ista
3147 3658 3334 3742 loca
3394 3663 3494 3744 in

681 3779 1151 3896 Evangelio
1216 3776 1580 3863 Sanctae
1643 3780 2070 3866 Ecclesiae
2103 3839 2126 3862 .
2168 3842 2191 3865 .
2233 3842 2256 3866 .
2301 3841 2323 3865 .
2386 3783 2603 3869 nihil
2658 3782 2820 3868 hoc
2883 3785 3131 3866 nobis
3165 3801 3433 3870 nocet
3469 3842 3493 3866 .

682 3905 868 3991 Etsi
921 3908 1167 3989 enim
1215 3903 1664 3989 absciderit
1717 3905 1924 3990 illud
1979 3967 2008 4011 ‚
2071 3934 2259 4002 non
2322 3908 2682 3995 abscidit
2734 3940 2782 3994 a
2822 3910 3071 3995 nobis
3105 3967 3135 4014 ,
3179 3907 3345 3995 -sed
3408 3936 3500 3995 se

684 4058 1058 4143 suosque
1124 4025 1450 4113 damno
1514 4031 1845 4115 affecitz
1916 4039 2111 4117 satis
2161 4039 2406 4120 enim
2463 4038 2888 4122 refutatur
2947 4037 3502 4122 testimonio-

685 4186 885 4242 rum
953 4156 1435 4269 pluralitate
1471 4212 1536 4261 „
1601 4213 1625 4238 .
1686 4154 2151 4242 pessimam
2208 4164 2502 4273 itaque
2579 4162 3242 4250 Haereticorum
3306 4192 3498 4253 ver-

683 4287 998 4368 sutiam
1036 4339 1066 4385 ,
1125 4281 1553 4366 Ecclesiae
1607 4282 2320 4372 sollicitudinibus
2375 4287 2860 4400 praevalere
2924 4315 3108 4370 non
3185 4295 3502 4400 potuis-

684 4437 778 4494 se
813 4466 844 4513 ,
904 4404 1467 4492 fidentissime
1514 4407 1944 4495 credimus
1981 4469 2012 4517 ,
2073 4438 2173 4495 ac
2209 4407 2577 4524 proinde
2605 4414 2984 4498 Textum
3017 4409 3502 4522 Graecum,

678 4564 845 4649 per
912 4530 1001 4617 id
1063 4561 1409 4645 quoque
1453 4539 1866 4648 temporis
1922 4595 1954 4641 ,
2013 4531 2271 4622 flocci
2324 4568 2512 4624 non
2584 4568 2767 4625 esse
2829 4537 3327 4626 faciendum
3357 4570 3500 4626 ¹ar·-

688 4662 1108 4746 bitratnur
1176 4719 1201 4743 .
1266 4659 1853 4745 Nihilominus
1905 4667 2255 4749 scitanti
2321 4724 2354 4770 ‚
2435 4695 2546 4750 an
2608 4664 3139 4756 Graecorum
3195 4665 3504 4756 Exem-

678 4787 1058 4897 'plarium
1102 4787 1433 4872 Textus
1488 4816 1539 4871 a
1601 4789 1941 4904 vulgata
2009 4787 2334 4876 dissoni
2393 4789 2921 4905 adprobandi
2992 4795 3170 4879 sint
3237 4852 3269 4900 ,
3365 4796 3509 4881 vel

691 4907 1208 5021 rejiciendi,
1267 4913 1517 5000 facile
1584 4913 2295 5028 respondendum
2379 4919 2608 5002 foret
2681 4917 2787 5004 ad
2874 4944 3223 5005 sensum
3278 4920 3505 5007 Vul-

676 5045 933 5157 'gatae
963 5094 998 5147 ‚
1062 5062 1366 5130 eorum
1430 5060 1827 5153 respectu
1862 5101 1896 5151 ,
1958 5070 2179 5155 quae
2243 5039 2351 5126 ad
2416 5042 2680 5141 fidem
2711 5103 2744 5156 ‚
2804 5073 3259 5163 moresque
3315 5076 3505 5161 spe·

680 5189 691 5197 ’
2311 5168 2404 5252 H
3186 5189 3435 5265 etant
3469 5223 3507 5282 ρ
