4913 6618
1418 575 1591 666 182

1503 695 1946 772 substratum
2017 698 2302 775 Histor-
2349 703 2439 775 V.
2511 723 2671 780 Lxx.
2706 750 2734 795 ,

1405 920 1447 976 2
1502 802 2512 1006 355³?tllglttoslompaezfflLagi
2578 904 2735 979 filio

1502 1019 1848 1100 exoptata
1897 1008 2026 1078 sub
2083 1005 2551 1106 Philadelpho
2595 1007 2734 1083 fuit

1503 1105 1868 1183 absoluta.
1917 1133 1990 1204 p·
2024 1106 2140 1197 38.
2490 1185 2505 1208 ,
2668 1179 2673 1186 .

1404 1222 1441 1300 3
1502 1207 1944 1303 Interpretes
1977 1234 2016 1282 e
2041 1208 2344 1307 singulis
2374 1210 2735 1296 Tribubus

1496 1306 1798 1382 fuerunt.
1817 1312 2160 1406 assumpti
2194 1350 2218 1372 ο
2261 1321 2344 1408 'p-
2379 1312 2498 1403 38.
2652 1313 2661 1324 '

1399 1427 1451 1502 4
1504 1408 1730 1501 Qod
1783 1429 2061 1507 spectat
2110 1413 2199 1485 ad
2256 1416 2493 1487 locum
2528 1463 2552 1502 ,
2609 1414 2735 1488 ubi

1499 1509 1639 1584 fuit
1681 1511 2009 1586 confecta
2038 1562 2064 1602 2
2090 1516 2541 1618 Hieronymo
2580 1519 2741 1591 sub·

1495 1614 1923 1688 scribimuS.
1976 1640 2046 1712 p·
2079 1639 2199 1714 39·

1398 1728 1442 1805 ς
1495 1716 1734 1801 Ante,
1792 1718 1861 1788 8(
1906 1717 1979 1788 in
2026 1719 2378 1793 Ecclesiae
2420 1718 2727 1816 primor-

1497 1815 1635 1890 diis
1660 1817 2010 1893 maximae
2043 1820 2181 1895 fuit
2214 1822 2674 1895 auctoritatis
2697 1869 2718 1893 .

1395 2014 1444 2088 6
1496 1938 1858 2091 ,ὂὲιὶἷδιιε
1890 2021 2269 2116 praeivisse
2319 2019 2406 2089 V·
2433 2025 2512 2094 T·
2555 2025 2728 2096 Ver·

1493 2118 1823 2193 sionibus
1852 2123 2109 2196 ordine
2134 2172 2162 2212 ‚
2218 2122 2724 2222 dignitateque

1491 2220 1974 2296 arbitramur·
2029 2249 2107 2322 p·
2137 2247 2264 2319 44·

1905 2427 1977 2525 ξ.
2085 2429 2235 2502 1x.

1404 2652 1427 2702 ι
1491 2627 1875 2705 Versiones
1903 2631 2254 2730 Aquilae,
2285 2621 2720 2734 Symmachi,

1488 2731 2019 2807 Theodotionis
2102 2736 2290 2830 apud
2369 2736 2721 2809 Ecclesiae

1487 2832 1740 2906 Patres
1761 2858 1892 2908 suo
1926 2836 2103 2910 olim
2132 2836 2424 2911 fuerunt
2456 2837 2533 2910 in
2567 2859 2724 2937 pre·

1489 2934 1602 3005 tio
1637 2971 1658 2995 ·
1705 2959 1777 3031 p.
1817 2937 1945 3028 46-

1382 3053 1430 3107 2
1482 3034 2010 3111 Theodotionis
2065 3038 2302 3112 versio
2386 3054 2716 3138 tempore

1483 3137 1652 3237 Sym
1663 3139 2103 3215 machianam
2125 3143 2711 3242 antecessit.p.47

1389 3464 1417 3515 1
1481 3445 1877 3519 Hodiernis
1912 3346 2246 3520 §Graecis
2345 3450 2706 3528 Codicum

1469 3548 1876 3644 generatim
1922 3552 2273 3647 Vulgatae
2336 3553 2559 3626 lectio
2599 3573 2708 3629 est

1475 3647 1938 3745 praeferenda
1969 3701 1990 3722 .
2046 3675 2117 3747 p·
2157 3651 2279 3743 58.

1375 3768 1419 3821 2
1474 3754 1664 3825 Loca
1714 3754 2161 3827 Graecorum
2217 3755 2614 3832 Codicibus
2664 3785 2706 3833 a

1474 3854 1785 3970 Vulgata
1811 3880 1961 3928 non
1999 3855 2487 3951 discrepantia
2513 3909 2541 3944 ,
2574 3882 2706 3934 ceu

1469 3952 1868 4028 intrinsece
1927 3956 2347 4029 authentica
2399 3978 2706 4055 possunt

1465 4054 1715 4128 haberi
1746 4092 1767 4114 ·
1821 4080 1898 4155 p.
1933 4057 2054 4128 62.

1360 4381 1406 4441 ,1
1465 4258 1930 4439 Exoticarunq
1999 4364 2408 4466 linguarum
2443 4369 2709 4463 peritia

1463 4465 1555 4537 ad
1598 4469 1667 4534 S·
1692 4465 2223 4564 Scripturarum
2270 4467 2705 4546 intellectio-

1463 4588 1632 4638 nem
1664 4568 2045 4641 commoda
2067 4584 2273 4664 parat
2308 4568 2696 4649 uberrima.

1365 4789 1408 4841 2
1466 4769 1685 4843 Haud
1713 4776 1886 4842 vei-o
1917 4784 2085 4843 sunt
2135 4769 2306 4844 illae
2342 4773 2691 4876 Theolog-

1458 4872 1910 4947 Doctoribus
1964 4869 2293 4951 absolute
2322 4924 2354 4967 ,
2421 4875 2494 4950 δε
2535 4877 2693 4956 sim·

1455 4972 1751 5072 pliciter
1770 4973 2207 5053 necessariae
2235 5015 2257 5039 ·
2297 5003 2371 5077 p.
2397 4978 2519 5080 69.

3373 702 3445 800 §-
3496 701 3690 778 x11·

2874 928 2899 976 1
2958 901 3212 977 Versio
3258 897 3543 1001 Syriaca
3575 905 3875 1000 antiqua
3934 901 4004 977 &
4033 903 4190 978 sim-

2955 1006 3127 1105 plex
3178 1005 3395 1076 latuit
3456 1007 3902 1102 primigenae
3960 1008 4192 1079 Eccle·
4292 1057 4299 1062 ,

2963 1108 3109 1182 siae
3132 1106 3377 1178 Patres
3408 1156 3427 1177 .
3481 1132 3553 1203 p.
3598 1108 3759 1178 106·

2860 1230 2908 1283 2
2964 1211 3134 1283 Non
3172 1230 3344 1281 vero
3404 1208 3936 1307 Chrysostomo
3972 1254 3999 1294 ,
4054 1210 4201 1281 Au·

2966 1307 3598 1412 gustinQaliisque
3617 1309 3755 1384 fuit
3789 1309 3997 1407 ignot
4007 1335 4072 1383 a.
4086 1308 4192 1385 ib.

2866 1635 2904 1707 3
2965 1510 3432 1713 Coptitargm
3505 1616 3928 1690 Vei-sionem
4004 1613 4193 1690 circa

2954 1736 3287 1814 tempora
3311 1717 3634 1791 Concilii
3654 1718 3954 1792 Nicaeni
3975 1716 4192 1813 primi

2950 1822 3372 1894 adornatam
3392 1820 3801 1917 opinamur·
3836 1845 3908 1918 p.
3926 1844 3947 1891 1
3976 1842 3998 1891 ι
4018 1840 4087 1890 2.

2852 1939 2904 2012 4
2952 1923 3125 1992 Non
3163 1923 3302 1995 nisi
3371 1922 3678 2019 triginta
3733 1919 4192 2020 agnoscimus

2957 2022 3702 2119 Graeco-Aegyptiam
3773 2024 4187 2097 litterarum

2959 2124 3312 2196 elementa
3344 2159 3367 2181 ·
3421 2122 3672 2218 p.116.

2868 2449 2894 2499 1
2959 2324 3858 2525 christifiss'iesffigiptfi
3891 2425 4186 2501 diversis

2956 2530 3150 2604 inter
3193 2554 3268 2603 se
3312 2530 3639 2604 dialectis
3679 2527 3930 2625 priscis
3961 2530 4187 2603 Eccle-

2955 2633 3097 2707 siae
3183 2631 3637 2732 temporibus
3730 2630 4129 2704 utebantur
4160 2666 4181 2690 ·

2850 2858 2891 2909 2
2950 2757 3421 2934 agitatum
3454 2834 3702 2934 lingua
3734 2831 4181 2909 Hebraismis

2937 2963 3098 3011 non
3132 2954 3327 3013 caret
3369 2989 3390 3010 .
3442 2962 3516 3035 p.
3555 2955 3718 3028 125.

3334 3140 3688 3240 §.va

2853 3372 2877 3422 1
2911 3348 3249 3443 Quonam
3291 3363 3619 3443 tempore
3645 3345 4025 3418 versiones
4048 3346 4178 3417 Ae·

2942 3451 3261 3547 thiopica
3288 3498 3315 3538 ,
3371 3449 3696 3537 Persica,
3756 3447 3825 3519 8<
3862 3448 4175 3519 Armena

2936 3551 3206 3627 fuerint
3270 3555 3603 3649 vulgatae
3635 3548 3924 3623 nonnisi
3960 3545 4175 3643 conji-

2935 3652 3192 3728 ciendo
3210 3649 3996 3748 statueretur.p.168.&
4020 3672 4169 3744 seq.
4196 3652 4211 3667 '

2837 3778 2879 3829 2
2917 3758 3222 3830 Certum
3259 3772 3501 3829 tamen
3525 3771 3634 3827 est
3667 3750 4171 3847 Aethiopicam

2937 3858 3359 3932 Versionem
3436 3877 3603 3931 ante
3686 3852 4092 3927 obtinuisse
4138 3899 4167 3940 ,

2934 3985 3152 4058 quam
3233 3960 3505 4033 Arabes
3562 3957 3640 4031 in
3702 3953 4167 4053 Aethiopiam

2842 4064 2847 4071 ’
2935 4062 3340 4136 irruerent.
3372 4085 3445 4159 p·
3484 4080 3651 4155 171.

3299 4268 3371 4369 §-
3473 4262 3738 4339 xvu.

2846 4495 2870 4546 1
2933 4473 3339 4551 Tridentini
3365 4475 3614 4546 Patres
3656 4468 3818 4568 jure
3872 4463 4163 4564 optimo

2933 4578 3255 4650 Latinam
3330 4576 3683 4672 Vulgatae
3767 4568 4163 4642 editionem

2922 4681 3410 4754 authenticam
3434 4676 3983 4766 declararunt.p.
3998 4692 4024 4739 ι
4038 4685 4160 4760 77.

2823 4796 2868 4850 a
2919 4780 3140 4865 justis
3198 4783 3287 4856 de
3369 4778 3635 4854 caussis
3698 4774 3869 4849 licet
3922 4768 4162 4844 fontes

2923 4882 3333 4960 Hebraeum
3373 4931 3401 4972 ,
3459 4880 3529 4954 8<
3573 4883 3928 4954 Graecum
3990 4895 4157 4949 con·

2917 4986 3151 5062 sulere
3185 5035 3207 5061 .
3259 5012 3331 5087 p·
3370 4981 3535 5061 180·
