4913 6618
1505 554 1623 639 30

1501 645 1611 734 de
1674 677 2050 763 quorum
2100 651 2611 737 authoritate
2677 649 2913 735 nulla
2940 674 3338 761 unquam
3368 645 3537 737 fifit
3567 653 3803 735 inter
3827 647 4312 740 Catholicos

1503 772 2008 890 disceptatio
2043 838 2073 883 ‚
2134 777 2532 863 alterum‘
2559 802 2863 862 eorum
2899 834 2929 880 ,
2994 782 3150 888 qui
3208 804 3392 863 non
3448 806 3788 890 semper
3823 805 4095 890 aeque
4127 806 4311 864 cer-

1502 917 1640 986 tae
1668 962 1698 1006 ‚
1759 904 1847 991 8<
1916 906 2395 1014 exploratae
2460 903 2820 987 fuerunt
2867 903 3396 1020 authoritatis
3424 962 3453 1007 ,
3517 901 3666 986 sed
3722 921 4127 1015 poterant
4184 922 4309 988 ta-

1503 1056 1712 1113 men
1782 1028 2397 1140 Emneioeljem
2430 1087 2458 1129 ‚
2525 1030 2850 1113 scilicet
2908 1027 3076 1145 legi
3119 1032 3213 1112 in
3272 1027 3668 1114 Ecclesiis
3706 1088 3735 1133 ,
3799 1049 4057 1143 atque
4090 1032 4304 1114 reci-

1504 1159 1735 1261 tari,
1796 1174 1900 1240 ut
1949 1159 2240 1268 inquit
2295 1155 2379 1238 S.
2418 1156 3012 1267 Hieronymus
3075 1151 3182 1238 ad
3245 1153 3928 1239 aedificationem
3984 1154 4306 1267 plebis,

1506 1307 1695 1364 non
1756 1280 1866 1365 ad
1913 1283 2517 1365 authoritatem
2567 1280 3352 1365 Ecclesiasticorum
3420 1279 3920 1399 dogmatum
3994 1279 4310 1366 confir·

1506 1403 1911 1490 mandam
1949 1465 1970 1487 .
2043 1406 2512 1489 Caeterum
2547 1463 2576 1508 ,
2637 1424 3013 1488 testante
3063 1410 3583 1518 amplissimo
3631 1404 4068 1491 Cardinali
4133 1405 4307 1489 Pal·

1507 1532 1882 1617 lavicino
1916 1591 1945 1634 ‚
2009 1535 2101 1614 in
2163 1533 2385 1616 Hist.
2440 1528 3229 1615 Concil.·Trident.
3268 1592 3298 1638 ,
3358 1537 3896 1647 propositum
3951 1528 4308 1643 quidem

1504 1655 1784 1744 fuerat
1847 1657 2233 1742 Patribus
2271 1716 2300 1763 ,
2364 1676 2465 1742 ut
2523 1654 2837 1768 duplex
2886 1663 2978 1741 in
3050 1655 3396 1745 decreto
3457 1662 3975 1744 innueretur
4003 1658 4303 1740 Libro·

1509 1812 1708 1868 rum
1758 1780 2421 1873 Canonicorum
2487 1780 2696 1867 ordo
2729 1841 2760 1887 ‚
2822 1780 2973 1869 sed
3021 1784 3521 1903 abnuerunt
3571 1818 3600 1889 ;
3664 1783 4207 1869 advertentes
4266 1841 4301 1890 ‚

1511 1909 1745 2022 quod
1811 1913 2013 1996 viris
2078 1908 2349 1995 doctis
2407 1937 2597 1993 rem
2648 1913 2765 1992 ita
2821 1937 2913 1995 se
2960 1909 3267 1995 habere
3306 1969 3336 2017 ‚
3397 1909 3746 1997 aliunde
3805 1910 4303 2021 poteratin-

1511 2057 2006 2122 notescere.
2075 2034 2217 2120 Ad
2278 2038 2662 2147 primum
2726 2033 3129 2119 ordinem
3155 2093 3185 2141 ‚
3219 2064 3323 2120 ex
3380 2041 3649 2126 veteri
3681 2037 4302 2140 TestamentO,

1510 2168 1966 2275 pertinent
2021 2179 2449 2273 quotquot
2501 2158 2862 2245 fuerunt
2913 2159 3338 2248 Hebraice
3394 2164 3867 2274 conscripti
3899 2208 3932 2241 0
3992 2154 4135 2243 Ad
4189 2185 4302 2243 se-

1510 2286 1904 2373 cundum
1968 2283 2368 2373 ordinem
2463 2285 2725 2370 refert
2804 2286 3091 2372 Sixtus
3148 2288 3555 2375 Senensis
3615 2286 4307 2374 additamentum

1509 2410 1617 2497 ad
1672 2415 2037 2500 Librum
2091 2413 2394 2496 Esther
2427 2470 2459 2517 ,
2521 2410 2756 2524 quod
2806 2413 2916 2496 D.
2952 2416 3549 2529 Hieronymus
3603 2445 3707 2501 ex
3736 2413 4067 2500 Graeco
4119 2436 4305 2495 ver-

1513 2542 1625 2622 tit
1657 2598 1686 2642 ,
1747 2538 1834 2627 ἃ
1885 2543 2274 2627 observat
2335 2544 2429 2624 in
2487 2535 2741 2624 fonte
2795 2566 2981 2624 non
3048 2545 3401 2653 reperiri
3462 2602 3492 2647 ‚
3554 2548 3737 2627 imo
3796 2570 3847 2625 a
3907 2564 3999 2621 se
4059 2535 4303 2621 obelo

1508 2665 2018 2752 transfixum
2079 2693 2259 2750 esse
2296 2723 2318 2748 .
2382 2666 2682 2751 Hocce
2736 2669 2830 2749 in
2894 2666 3200 2751 ordine
3266 2669 3654 2752 similiter
3712 2696 3759 2750 a
3815 2665 4052 2748 Sixto
4099 2689 4304 2745 con·

1512 2793 1998 2877 stituuntur
2051 2797 2319 2877 oratio
2367 2791 2857 2877 Hieremiae
2892 2850 2921 2897 ,
2982 2793 3245 2877 Liber
3306 2793 3635 2881 Baruch
3664 2852 3691 2896 a
3754 2790 4096 2878 historia
4161 2787 4305 2870 Su-

1510 2944 1888 3021 sannae,
1949 2919 2246 3006 Oratio
2300 2916 2656 3002 Azariae
2691 2977 2720 3024 ,
2781 2920 3168 3032 hymnus
3215 2922 3483 3004 trium
3517 2944 3984 3034 puerorum
4021 2973 4048 3017 ‚
4082 2912 4302 2995 Belis

1506 3043 1851 3129 historia
1885 3103 1915 3149 ,
1978 3073 2200 3158 quae
2256 3041 2362 3129 de
2422 3043 3027 3131 Theodotione
3084 3074 3175 3130 se
3236 3051 3763 3131 transtulisse
3787 3042 4080 3128 scribit
4103 3037 4306 3121 Hie·

1508 3198 1935 3282 ronymus
1970 3229 2001 3275 ,
2062 3199 2266 3258 cum
2318 3176 2414 3255 in
2483 3173 2877 3256 Hebraeo
2963 3199 3147 3255 non
3230 3172 3723 3288 legerentur
3782 3229 3804 3252 .
3895 3159 4301 3274 Ejusdem

1512 3324 1862 3408 quoque
1901 3295 2225 3386 ordinis
2280 3318 2491 3384 sunt
2545 3297 2977 3412 Sapientia
3032 3299 3561 3404 SalomonIs,
3623 3297 4058 3409 Sapientia
4102 3289 4302 3404 Jesu

1508 3423 1660 3510 filii
1725 3423 2014 3509 Sirach
2068 3484 2101 3532 ,
2158 3454 2352 3541 pars
2405 3426 2704 3510 Esther
2771 3483 2801 3531 ,
2855 3424 3151 3545 Judith
3216 3482 3246 3530 ,
3303 3425 3613 3509 Tobias
3675 3482 3706 3528 ,
3799 3419 3907 3504 de
3992 3418 4298 3533 quibus

1508 3549 1607 3635 Β.
1648 3548 2165 3638 Athanasius
2198 3557 2289 3636 in
2353 3551 2726 3668 Synopsi
2779 3551 2993 3638 dicit
3039 3579 3226 3637 non
3271 3548 3528 3635 fuisse
3564 3550 4058 3636 Canonicos
4085 3605 4116 3651 ,
4147 3540 4300 3628 sed

1509 3696 1805 3766 tamen
1874 3680 2339 3790 praelectos
2406 3680 3134 3766 Cathechumenis
3194 3735 3216 3758 .
3284 3673 3680 3761 Tandem
3767 3675 4023 3756 libros
4116 3669 4303 3753 Ma-

1503 3802 2070 3894 chabaeorum
2128 3812 2361 3892 inter
2415 3834 2561 3889 eos
2610 3823 3016 3890 numerat
3087 3802 3367 3884 Sixtus
3420 3859 3450 3905 ,
3512 3804 3821 3913 quibus
3882 3793 4304 3884 contradi·

1504 3948 1846 4017 ceretur
1882 3985 1912 4030 ,
1974 3956 2129 4013 seu
2187 3932 2339 4041 qui
2385 3930 2852 4042 apocryphi
2914 3945 3429 4041 putarentur
3465 3985 3489 4010 .
3551 3925 3656 4011 In
3698 3928 3952 4012 Novo
4002 3923 4302 4007 Testa-

1502 4071 1816 4144 mento
1877 4073 2356 4140 censentur
2415 4052 2779 4140 secundi
2843 4052 3169 4138 ordinis
3227 4052 3509 4138 Marci
3540 4074 3800 4167 caput
3832 4054 4299 4153 ultimum,

1503 4180 1796 4282 Lucae
1860 4179 2207 4266 historia
2259 4179 2367 4266 de
2433 4176 2740 4266 sudore
2806 4178 3125 4266 Christi
3176 4183 3658 4296 sanguineo
3722 4238 3752 4283 ,
3809 4176 3899 4264 ἃ
3958 4177 4299 4289 appari·

1501 4309 1749 4394 tione
1795 4303 2117 4424 Angeli
2152 4367 2182 4412 ‚
2207 4308 2621 4425 Johannis
2665 4306 3016 4390 historia
3060 4303 3169 4390 de
3234 4306 3598 4391 muliere
3632 4304 4007 4389 adultera
4043 4359 4072 4404 ‚
4106 4299 4297 4412 Epi-

1505 4432 1715 4518 stola
1757 4427 1866 4517 ad
1916 4433 2345 4519 Hebraeos
2384 4493 2413 4540 ‚
2468 4433 2759 4549 Jacobi
2815 4431 3185 4545 Epistola
3221 4490 3250 4537 ‚
3309 4430 3541 4515 Petri
3576 4428 3944 4544 Epistola
3990 4452 4298 4510 secun-

1501 4555 1608 4645 da
1645 4618 1675 4666 ‚
1729 4557 2143 4674 Johannis
2206 4557 2583 4647 secunda
2614 4617 2645 4665 ,
2706 4556 2794 4644 ἃ·
2847 4561 3097 4643 tertia
3127 4613 3157 4661 ,
3208 4555 3476 4674 Judae
3505 4559 3873 4671 Epistola
3898 4614 3928 4659 ,
3979 4552 4299 4670 Johan-

1382 4785 1391 4792 ι
1504 4688 1646 4768 nis
1710 4684 2273 4801 Apocalypsis
2307 4744 2332 4772 .
2399 4686 2636 4772 Haec
2692 4711 2797 4768 ex
2856 4681 3300 4802 Apparatu
3336 4683 3658 4769 Biblico
3689 4676 4110 4767 Bernardi
4142 4675 4299 4760 La·

1505 4838 1665 4924 my
1722 4810 1868 4895 lib.
1900 4831 1993 4894 11.
2058 4840 2239 4924 cap.
2277 4834 2367 4902 v.
2408 4867 2436 4911 ,
2498 4811 2649 4896 ubi
2702 4808 3125 4896 Ανατύπωσι
3182 4808 3548 4928 dignum
3588 4808 4227 4895 observavimus
4260 4859 4296 4908 ,

1505 4933 1743 5048 quod
1783 4940 2091 5023 scribat
2143 4941 2401 5026 libros
2454 4937 2817 5024 secundi
2869 4936 3196 5022 ordinis
3233 4995 3261 5040 ,
3325 4963 3512 5019 non
3570 4935 3874 5020 habere
3926 4927 4296 5017 eandem

1509 5089 1718 5154 cum
1782 5067 2016 5149 libris
2080 5069 2343 5179 primi
2397 5061 2723 5149 ordinis
2781 5063 3378 5151 authoritatem
3413 5123 3438 5146 .
3509 5063 3832 5149 Idcirco
3884 5051 3940 5180 <
3999 5083 4295 5174 perpe-

1623 5201 1633 5214 ’
4105 5207 4295 5266 ram
