4913 6618
1528 647 1653 855 Ξίἰ
1710 768 1852 851 isti
1906 764 2162 881 Sophi
2208 763 2530 855 habent
2555 824 2587 873 ,
2647 766 2757 853 ab
2806 766 3310 854 Hellenistis
3366 765 3893 854 elaboratum
3920 821 3950 872 9
4010 780 4360 883 coepe-⁴

1529 914 1663 979 rat
1690 896 1810 978 ‘in
1885 922 2188 978 eorum
2231 892 2705 1011 Synagogis
2781 894 3124 1007 publice
3174 895 3589 978 lectitari.
3649 890 4086 1008 Magnum
4115 894 4324 981 Hie-

1524 1018 2247 1132 rosolymitanum
2307 1017 2837 1133 Synedrium
2884 1036 3281 1104 exLxxll.
3315 1017 3805 1103 Senioribus
3834 1018 4327 1107 coalescens

1523 1143 1938 1254 judicavit
1998 1175 2048 1230 e
2106 1172 2201 1230 re
2252 1172 2435 1231 esse
2496 1174 2646 1230 sua
2681 1203 2711 1249 ‚
2775 1141 3339 1229 Graecanicas
3387 1160 3953 1259 cognatorum
4001 1143 4325 1231 litteras

1527 1269 1969 1383 despectui
2040 1299 2226 1356 non
2274 1272 2584 1358 habere
2650 1300 2680 1373 ς
2768 1275 2951 1354 imo
3010 1274 3292 1384 potius
3366 1270 3646 1383 plenis
3702 1269 4113 1384 suffragiis
4179 1268 4322 1355 ad-

1521 1400 1943 1508 probare:
2010 1397 2143 1481 En
2201 1395 2639 1480 Versionis
2685 1454 2715 1500 ,
2774 1400 2876 1478 iis
2933 1393 3241 1482 auditis
3276 1452 3306 1498 ,
3369 1414 3570 1480 Lxx.
3626 1399 3863 1512 origo
3925 1454 3958 1500 ‚
4020 1393 4107 1480 ἃ
4162 1392 4320 1482 de-

1520 1523 2055 1604 nominatio.
2120 1522 2361 1633 Quae
2417 1518 2772 1632 quidem
2834 1526 2908 1605 si
2962 1526 3079 1604 ita
3126 1525 3306 1603 sint
3340 1578 3370 1624 ,
3433 1518 3766 1605 nedum
3797 1519 3977 1604 fere
4009 1512 4359 1606 omnes

1518 1648 1752 1731 inter
1804 1647 2293 1757 prophanos
2326 1706 2359 1752 ‚
2420 1644 2587 1730 fide
2650 1643 2895 1761 digni
2953 1646 3599 1761 historiographi
3661 1649 3982 1730 mentIs
4048 1647 4361 1732 oculis·

1516 1774 1996 1888 caligarunt
2030 1831 2063 1877 ‚
2124 1799 2433 1859 verum
2516 1776 2778 1860 etiam
2861 1774 3465 1884 sapientissimi
3519 1769 3942 1856 Ecclesiae
4020 1768 4313 1857 Patres

1514 1893 2110 1989 miserandum
2172 1901 2268 1981 in
2332 1893 2693 1982 modum
2745 1915 2953 1979 sunt
3001 1899 3491 1982 hallucinati
3557 1952 3582 1978 .
3669 1893 3855 1980 Vah
3916 1920 4228 2007 procax
4277 1955 4312 2003 ,

1511 2018 1600 2107 81
1666 2024 1989 2107 effrena
2052 2018 2591 2109 detrectandi
2645 2019 2969 2108 libido!
3008 2022 3340 2138 Magno
3393 2020 3893 2137 Augustino
3923 2017 4144 2105 duce
4207 2025 4308 2108 in

1506 2146 1655 2230 lib.
1697 2167 1887 2237 vm.
1954 2144 2061 2229 de
2120 2149 2385 2235 Civit.
2441 2148 2605 2233 Dei
2661 2174 2845 2258 cap.
2889 2175 3041 2263 43.
3076 2206 3106 2252 ,
3169 2149 3604 2231 historiam
3635 2142 4075 2229 Versionis
4099 2165 4307 2232 Lxx.

1508 2265 1552 2386 (
1609 2266 1765 2356 etsi
1811 2269 2040 2385 apud
2083 2271 2566 2359 Aristaeam
2625 2272 2958 2356 laciniis
3017 2300 3200 2356 non
3240 2298 3529 2357 carere
3562 2271 3809 2355 nobis
3843 2267 4309 2383 videatur)

1505 2398 1789 2507 quoad
1856 2399 2377 2483 substratum
2440 2399 2900 2509 probamus
2963 2456 2995 2503 ,
3079 2415 3338 2507 atque
3397 2423 3916 2484 veneramur
3951 2452 3975 2477 .
4042 2396 4307 2507 Spiri-

1501 2537 1640 2603 tus
1678 2582 1706 2627 ‚
1769 2525 1887 2607 ibi
1950 2527 2245 2635 inquit
2308 2525 2392 2606 S.
2426 2522 2680 2607 Pater
2712 2580 2746 2626 ,
2806 2529 2959 2635 qui
3017 2526 3112 2606 in
3176 2522 3623 2635 Prophetis
3657 2543 3834 2606 erat
3864 2579 3895 2626 ,
3956 2519 4310 2631 quando

1503 2645 1641 2729 illa
1697 2646 2100 2734 dixerunt
2134 2708 2164 2751 ‚
2226 2646 2460 2733 idem
2525 2653 2709 2760 ipse
2774 2667 2953 2733 erat
3009 2652 3270 2732 etiam
3306 2653 3397 2732 in
3435 2652 3978 2764 septuaginta
4021 2643 4305 2753 Viris,

1501 2770 1858 2882 quando
1918 2775 2058 2857 illa
2111 2777 2658 2890 interpretati
2706 2793 2916 2863 sunt
2951 2833 3017 2878 ,‚
3084 2833 3105 2857 .
3174 2774 3306 2856 De
3360 2769 3870 2885 quibusdam
3918 2799 4125 2858 vero
4177 2771 4305 2856 hi-

1498 2904 1804 2984 storiae
1858 2897 2291 3010 adjunctis
2325 2961 2354 3006 ‚
2416 2903 2691 3011 iisque
2755 2901 2895 2989 vel
2942 2902 3314 2985 maxime
3370 2902 3475 2983 ab
3538 2895 3925 2983 Aristaea
3962 2956 3992 3003 ‚
4050 2896 4300 3013 &Jo-

1491 3025 1757 3137 sepho
1807 3028 2180 3110 minime
2240 3031 2686 3112 recensitis
2719 3086 2749 3132 ,
2810 3025 3292 3109 inhaerenti
3349 3053 3552 3110 mox
3612 3020 3927 3108 laudati
3983 3022 4298 3109 Docto-

1489 3152 1606 3233 ris
1664 3154 2039 3268 vestigiis
2104 3154 2195 3235 in
2253 3153 2398 3237 lib.
2439 3171 2532 3233 11.
2597 3150 2703 3236 de
2760 3152 3057 3236 Doctr.
3124 3150 3442 3237 Christ.
3503 3150 3750 3233 liceat
3810 3145 4228 3235 fluctuare
4264 3209 4294 3231 .

1484 3273 1850 3362 Interim
1900 3279 2296 3363 historIae
2323 3338 2356 3384 ‚
2418 3304 2592 3389 qua
2624 3275 2732 3362 de
2761 3282 3040 3397 agitur
3069 3303 3499 3361 summam
3553 3278 3805 3361 nobis
3828 3276 4164 3362 exhibet
4195 3278 4293 3358 in

1484 3399 1937 3516 Apparatu
2001 3404 2329 3489 Biblico
2383 3402 2529 3486 lib.
2569 3422 2664 3486 11.
2716 3431 3066 3517 cap.1o.
3132 3401 3616 3487 Bernardus
3647 3401 3929 3516 Lamy
3968 3458 3991 3481 .
4054 3401 4292 3487 Cum

1482 3524 1677 3612 Rex
1742 3527 2128 3646 Aegypti
2174 3530 2715 3615 Ptolomaeus
2771 3526 3362 3642 Philadelphus
3393 3530 3649 3613 libros
3696 3532 3983 3612 omnis
4026 3553 4290 3643 gene·

1480 3657 1598 3737 ris
1646 3661 2204 3768 conquireret
2237 3713 2268 3761 ,
2330 3674 2432 3741 ut
2488 3656 3103 3743 Bibliothecam
3157 3683 3400 3740 suam
3424 3656 3761 3769 magnis
3794 3655 4280 3767 sumptibus

1477 3777 2046 3867 Alexandriae
2104 3802 2523 3871 structam
2585 3800 2935 3868 ornaret
2989 3837 3020 3885 ,
3081 3809 3333 3864 suasu
3384 3780 3809 3864 Demetrii
3862 3780 4221 3865 Phalerii
4249 3840 4285 3887 ,

1474 3935 1741 4019 quem
1804 3909 2359 3995 bibliothecae
2424 3909 2956 4019 praefecerat
2991 3964 3021 4010 ‚
3078 3901 3595 4022 Judaeorum
3655 3907 3880 4024 leges
3911 3961 3946 4010 ,
4003 3901 4092 3991 8ae
4123 3902 4290 3992 Re-

1472 4032 1890 4148 ligionem
1922 4091 1952 4136 ,
2013 4058 2223 4117 cum
2277 4038 2667 4146 ipsorum
2719 4034 2973 4116 sacris
3003 4032 3244 4115 libris.
3266 4034 3362 4113 in
3397 4030 3994 4118 bibliothecam
4033 4056 4277 4119 suam

1470 4158 1780 4244 inferri
1821 4159 2096 4246 voluit
2121 4217 2152 4264 ,
2215 4154 2302 4244 ἃ
2356 4174 2458 4241 ut
2520 4160 2614 4240 in
2671 4157 3059 4276 linguam
3084 4153 3503 4244 Graecam
3530 4213 3561 4260 ,
3624 4184 3843 4270 quae
3873 4159 4281 4245 omnium

1470 4273 1733 4404 longe
1785 4303 2243 4404 propagata
2277 4344 2307 4389 ‚
2369 4281 2458 4369 81
2512 4285 2672 4367 sibi
2735 4288 3067 4398 optime
3130 4301 3340 4368 nota
3407 4299 3586 4366 erat
3637 4342 3668 4389 ‚
3728 4301 4206 4373 verteretur
4241 4343 4270 4369 .

1467 4409 1573 4496 In
1628 4413 1866 4500 hunc
1920 4412 2195 4498 finem
2248 4411 2772 4528 legationem
2818 4408 3383 4494 honorificam
3438 4413 3676 4492 misit
3709 4469 3740 4515 ,
3803 4437 4011 4494 cum
4072 4408 4275 4495 lite-

1465 4537 1583 4624 ris
1608 4598 1639 4646 ‚
1700 4536 1788 4624 81
1843 4536 2322 4656 magnificis
2408 4540 2506 4620 in
2597 4564 2856 4621 usum
2907 4533 3260 4647 Templi
3326 4532 3699 4618 donariis
3763 4532 3871 4618 ad
3938 4535 4274 4620 Eleaza-

1461 4691 1665 4750 rum
1706 4662 2226 4778 Judaeorum
2292 4661 2807 4747 Pontificem
2872 4716 2903 4764 ,
2963 4660 3408 4773 postulans
3475 4719 3505 4765 ‚
3605 4679 3704 4746 ut
3756 4662 4013 4746 libros
4049 4671 4276 4746 -suos
4359 4659 4368 4670 ’

1461 4815 1740 4875 sacros
1806 4786 1915 4873 ad
1974 4794 2261 4902 ipsum
2322 4790 2712 4872 mitteret
2766 4812 2948 4870 una
2998 4810 3207 4872 cum
3259 4788 3463 4873 viris
3496 4841 3531 4890 ,
3591 4806 3773 4872 tam
3804 4782 4201 4872 doctrina
4236 4844 4273 4892 ‚
4346 4813 4354 4819 ·

1459 4941 1730 5027 quam
1786 4918 2063 5002 aetate
2090 4972 2121 5017 ‚
2179 4912 2267 4999 81
2317 4916 2699 4998 moribus
2730 4914 3221 5027 conspicuis
3249 4970 3279 5016 ,
3343 4915 3496 5026 qui
3521 4910 3628 4996 ad
3660 4929 4009 4997 tantum
4043 4939 4263 5024 opus

1456 5039 2107 5128 conficiendum
2165 5038 2462 5126 idonei
2521 5056 2811 5125 essent
2873 5098 2896 5121 .
2959 5039 3404 5162 Aristaeas·
3447 5066 3677 5123 unus
3736 5037 3906 5125 fuit
3962 5064 4068 5122 ex
4133 5038 4267 5123 his
4353 5035 4366 5062 ³

1454 5167 1749 5290 legatis
1784 5225 1820 5280 ,
1878 5173 2065 5284 ipse
2121 5171 2354 5262 inter
2412 5191 2818 5283 proceres
2871 5165 3208 5260 Ptolom
3216 5166 3348 5251 aei
3397 5191 3788 5260 summus
3838 5222 3863 5249 .
3928 5164 4267 5292 Elea2a7
4355 5171 4364 5182 ’

2342 5333 2351 5344 ·
4116 5311 4264 5371 rus
