4913 6618
3256 517 3361 584 12
3378 519 3428 607 5

643 617 1140 709 Chamicam
1201 645 1353 708 seu
1416 617 2018 741 Aegyptiam,
2069 618 2348 722 sitisse
2405 646 2466 702 α
2536 615 3119 706 chananitica
3180 672 3215 720 ‚
3268 645 3429 704 seu

636 745 1032 834 Hebraea
1061 806 1091 853 ‚
1145 773 1407 859 quam
1464 747 1721 865 longe
1783 748 2276 867 diversnm:
2319 744 2641 856 Ioseph
2705 746 2932 826 enim
2985 744 3373 860 linguam
3395 799 3430 849 ‚

637 887 908 982 quam
949 903 1123 957 non
1172 891 1601 976 noverat,
1666 872 2062 959 audivit.
2078 855 2547 982 Didymus
2600 869 3165 956 Taurinensis
3195 867 3295 950 Ρ.
3317 869 3425 958 Π.

631 992 1116 1082 Rudimen.
1179 995 1437 1107 Copt.
1499 1024 1689 1112 pag.
1737 1028 1883 1110 71.
1924 1054 1955 1102 ‚
2017 1001 2328 1081 omissa
2392 992 3055 1105 d1squisitione⁹
3116 992 3225 1076 de
3256 999 3425 1105 pri·

629 1125 1014 1238 migenia
1050 1180 1080 1227 ‚
1149 1148 1245 1206 ac
1312 1124 1879 1205 remotissima
1941 1125 2387 1230 utriusque
2440 1122 2787 1235 linguae
2841 1121 3362 1235 cognatione
3389 1178 3425 1225 ‚

628 1247 730 1329 in
788 1275 889 1330 ea
944 1262 1293 1332 tantum
1330 1303 1360 1349 9
1423 1274 1642 1358 quae
1680 1248 2088 1393 proxime
2143 1251 2376 1331 inter
2428 1246 2944 1330 Hebraicam
3013 1301 3044 1345 ,
3106 1241 3195 1330 ἃ
3248 1242 3423 1329 Ae-

629 1374 1023 1486 gyptiam
1082 1369 1564 1457 intercedat
1589 1430 1617 1475 ‚
1681 1376 1866 1458 vim
1928 1398 2290 1456 omnem
2320 1371 2681 1456 collocat
2734 1372 3425 1484 investigationis

633 1520 837 1580 suae
871 1555 893 1578 .
957 1497 1096 1581 De
1150 1498 1312 1583 hoc
1377 1500 1667 1607 itaque
1761 1495 2206 1580 affinitatis
2270 1522 2592 1609 genere
2647 1496 3010 1605 loquens
3047 1558 3070 1593 ,
3119 1522 3422 1606 pauca

629 1613 887 1705 inodo
943 1648 1387 1732 superesse
1447 1623 1632 1704 arbi
1636 1639 1920 1704 tratur
1976 1621 2347 1738 vestigia
2408 1621 3034 1731 conjunctionis
3086 1620 3179 1700 in
3232 1645 3422 1703 ver-

555 1826 568 1841 ,
630 1743 763 1826 bis
823 1743 1074 1828 NON
1121 1742 1657 1830 ASSUMPT
1661 1743 1750 1828 IS
1816 1803 1846 1846 ,
1912 1745 2120 1828 SED
2187 1740 2752 1828 INGENITIS
2818 1745 3165 1854 utrique
3248 1744 3422 1825 Iin-

612 1897 860 1987 guae
896 1927 927 1972 ,
979 1867 1312 1955 Israelis
1347 1926 1379 1972 ,
1444 1867 1549 1959 &-
1639 1871 2192 1956 pharaonum
2256 1926 2284 1951 .
2355 1869 2596 1952 Inter
2662 1868 2818 1954 hae
2881 1890 2905 1946 τ
2960 1897 3137 1952 mm
3205 1925 3271 1972 ‚.
3315 1868 3425 1958 66

624 1993 1351 2102 conjunctionem
1410 2052 1441 2100 ,
1522 2021 1730 2080 cum
1803 2015 2075 2105 owog
2136 1993 2531 2104 Memph.
2618 1991 2667 2104 (
2745 2017 2971 2074 asem
3036 1993 3305 2078 Theb.
3366 1990 3424 2113 )

621 2137 1207 2229 comparatam
1273 2137 1681 2205 numerat
1715 2180 1738 2202 .
1806 2116 1971 2200 Sed
2027 2116 2262 2230 quod
2296 2145 2499 2202 eum
2521 2121 2797 2234 magis
2824 2137 3113 2200 movet
3138 2175 3169 2221 ‚
3206 2139 3416 2202 sunt

625 2260 890 2324 notae
923 2271 1497 2355 personarum
1547 2240 2088 2360 suffigendae
2147 2244 2498 2328 vocibus
2556 2301 2588 2344 ‚
2653 2246 2749 2326 in
2817 2243 3124 2353 quibus
3177 2261 3417 2329 certe

622 2383 990 2474 utraque
1045 2367 1481 2485 Aegyptia
1533 2368 1938 2453 dialectus
1991 2372 2450 2490 ingenium
2483 2369 2953 2456 Hebraicae
3009 2368 3419 2454 aemulari

626 2487 1027 2575 videtur.
1093 2492 1378 2578 Nemo
1433 2512 1730 2578 tamen
1788 2497 1976 2602 jure
2034 2521 2350 2612 negare
2411 2498 2733 2606 poterit
2787 2553 2818 2597 ‚
2878 2497 3098 2604 quin
3168 2494 3417 2603 plura

624 2611 1094 2699 Hebraicae
1145 2618 1489 2736 linguae
1554 2621 1963 2705 vocabula
2024 2626 2122 2705 in
2204 2618 2827 2735 Aegyptiacam
2911 2621 3418 2729 irrepserint

620 2763 727 2822 ex
785 2741 1042 2857 longa
1138 2743 1276 2827 illa
1359 2762 1544 2828 tam
1626 2746 2099 2831 multorum
2191 2773 2632 2830 annorum
2711 2742 3341 2833 consuetudine
3378 2804 3415 2852 ,

616 2851 879 2974 quam
948 2893 1153 2950 cum
1198 2867 1653 2986 Aegyptiis
1717 2871 2034 2954 israelis
2095 2869 2246 2954 filii
2297 2869 2733 2955 duxerunt
2789 2930 2820 2974 ‚
2887 2897 3416 2981 quamquam

618 2991 716 3069 in
779 2990 1504 3077 Mzsraimitctrum
1561 3020 1738 3078 ore
1771 3054 1803 3100 ,
1869 3023 1974 3079 ex
2037 2997 2250 3084 vitio
2306 2996 3059 3108 pronunciationis
3092 3051 3125 3099 ,
3190 2998 3415 3082 nati-

621 3139 821 3198 vam
886 3117 1155 3200 veluti
1209 3116 1593 3205 indolem
1658 3123 2034 3204 amisisse
2090 3117 2550 3207 videantur
2616 3176 2657 3200 .-
2733 3118 3230 3230 Eademque
3299 3115 3410 3204 de

616 3261 906 3324 caussa
964 3241 1403 3358 Jablosk„
1457 3247 1553 3328 in
1590 3251 1824 3387 epis.
1910 3241 2015 3329 ad
2076 3246 2230 3329 La·
2243 3246 2504 3331 Croz.
2563 3245 2819 3331 Tom.
2856 3248 2917 3334 Ι.
2973 3245 3193 3331 The.
3247 3244 3407 3357 Ep.

611 3378 808 3477 pag.
862 3393 894 3447 1
917 3367 1125 3479 83.,
1157 3373 1504 3454 scribit·
1571 3372 1668 3451 in
1719 3372 2036 3489 glossis
2085 3374 2347 3456 Hebr.
2447 3373 2784 3458 Codicis
2856 3373 3138 3459 multa
3224 3373 3414 3459 sine

611 3488 874 3572 dubio
930 3492 1527 3611 Aegyptiacae
1588 3493 2045 3613 linguae..
2070 3555 2093 3577 .
2163 3498 2536 3615 vestigia
2590 3497 2852 3583 latere
2885 3556 2921 3601 ,
2981 3516 3083 3582 ut
3152 3504 3409 3578 o'uffi

611 3615 708 3695 in
762 3630 888 3698 ,πῖθι
942 3619 1283 3731 Python
1344 3617 1842 3725 sacrificus.
1907 3619 2162 3705 Plura
2221 3626 2485 3708 etiam
2524 3622 2572 3734 (
2617 3626 2909 3734 inquit
2962 3625 3406 3734 sapientis-

609 3741 877 3822 simus
934 3739 1350 3860 Georgius
1388 3803 1420 3849 ,
1483 3747 1628 3831 cui
1695 3748 1919 3829 sicut
1965 3746 2172 3832 haec
2227 3744 2638 3833 debemus
2692 3803 2727 3852 ,
2784 3750 2904 3831 ita
2962 3747 3409 3839 subscribi-

611 3884 814 3945 mus
873 3864 922 3972 )
996 3894 1101 3951 ex
1144 3870 1274 3952 his
1341 3870 1699 3980 protulit
1762 3873 1857 3951 in
1915 3868 2503 3959 Grammatica
2555 3899 2705 3957 sua
2740 3927 2774 3980 9
2829 3870 2918 3959 ἃ
2960 3872 3158 3967 alibi
3189 3870 3409 3959 Bon·

611 3986 950 4098 jurius3
1015 3990 1436 4107 quaedam
1503 4020 1666 4079 nos
1732 3998 1992 4081 etiam
2023 4054 2054 4101 ‚
2104 3996 2702 4115 Mingarellius
2747 4052 2783 4104 ‚
2828 3995 2916 4091 ἃ
2959 3998 3163 4084 alii.

1794 4248 1878 4354 ᾗ.
2007 4237 2092 4329 X
2123 4241 2233 4330 V.

940 4490 1076 4583 De
1133 4489 1493 4576 Politice
1512 4550 1544 4596 ,
1575 4489 1683 4582 <Sc
1722 4492 1988 4578 Sacro
2047 4493 2680 4615 Aegyptiorum
2749 4516 3059 4585 statu.

608 4624 904 4819 Abs
933 4764 1030 4822 re
1079 4766 1326 4826 nunc
1395 4768 1582 4827 non
1648 4740 2020 4827 habeant
2051 4742 2525 4856 Tyrones‚
2581 4730 2683 4831 u't
2715 4806 2747 4852 ‚
2791 4765 3249 4861 postquam
3283 4743 3392 4835 de

604 4865 901 4977 lingua
943 4862 1480 4980 Aegyptiaca
1564 4871 1859 4977 paucis
1929 4873 2260 4984 egimus
2322 4928 2351 4975 ,
2414 4868 2526 4956 de
2586 4875 2953 4985 politicis
3022 4879 3404 4987 primum

601 4987 1042 5107 Aegypti,
1099 5009 1292 5103 post
1336 4992 2120 5083 Ptoaommaeorum
2185 4998 2654 5111 imperium
2708 5058 2743 5112 ‚
2804 4996 3409 5089 vicissitudini·

3196 5126 3352 5209 bus
3386 5182 3420 5233 ‚
