4913 6618
589 749 776 830 'seat
809 753 854 836 3
922 731 1218 818 statuit
1276 726 1364 818 ἃ
1428 721 1795 815 declarat
1825 739 1878 833 9·
1925 744 2028 818 ut
2086 725 2297 816 baec
2365 731 2551 847 ipsa
2605 725 2882 823 Vetus
2939 789 2975 840 9
3038 732 3128 826 81
3195 640 3413 824 &1717le

605 882 803 983 gata
857 856 1145 945 Editio
1178 915 1210 960 ‚
1269 881 1489 967 quae
1554 858 1818 974 longo
1880 875 2015 942 tot
2079 859 2609 946 saeculorum
2649 889 2807 947 usu
2871 863 3215 977 probata
3281 879 3413 952 est

600 994 702 1075 in
768 985 1133 1102 publicis
1194 976 1919 1096 disputationibus
1991 1041 2022 1087 ‚
2082 984 2593 1071 lectionibus
2661 1046 2691 1093 ‚
2755 988 3414 1101 praedicationi-

599 1114 764 1200 bus
800 1169 832 1215 ‚
892 1108 982 1196 ἃ
1041 1109 1717 1220 expositionibus
1776 1137 1938 1222 pro
1990 1108 2535 1198 Authentica
2591 1114 3001 1200 habeatur
3050 1175 3080 1220 ‚
3164 1116 3252 1204 ἃ
3311 1132 3423 1203 ut

599 1265 873 1327 nemo
942 1260 1136 1319 eam
1196 1234 1558 1343 rejicere
1610 1241 1915 1348 quovis
1971 1255 2416 1348 praetextu
2480 1235 2790 1324 audeat
2856 1298 2921 1346 9,
2988 1301 3012 1323 .
3081 1240 3316 1357 Quid
3370 1236 3420 1325 2

601 1362 985 1450 Fortene
1048 1355 1553 1444 Tridentini
1607 1362 1900 1447 Patres
1959 1360 2409 1480 Vulgatam
2475 1364 3100 1453 Anthenticam
3128 1368 3420 1453 decre·

598 1516 810 1577 vere
849 1548 880 1595 ‚
941 1492 1061 1572 ita
1116 1503 1219 1570 ut
1274 1486 1539 1573 Ponti
1601 1482 2003 1575 Hebraeo
2061 1546 2093 1592 ‚
2177 1485 2263 1574 δι
2328 1486 2668 1576 Graeco
2730 1489 3140 1578 Latinam
3199 1491 3423 1577 Ver-

602 1618 950 1699 sionem
1015 1618 1728 1728 anteposuerim?
1762 1614 1988 1701 Rem
2059 1610 2423 1727 perinde
2472 1639 2566 1701 se
2613 1622 2962 1734 gessisse
3041 1620 3426 1705 clamant

601 1736 1085 1828 Novatores
1115 1796 1146 1841 ‚
1210 1736 1362 1825 sed
1425 1768 1773 1855 prorsus
1829 1744 2135 1851 inique
2169 1796 2193 1821 .
2257 1740 2669 1853 Quonam
2734 1768 2994 1828 sensu
3061 1742 3426 1862 Vulgata

601 1864 895 1954 Editio
951 1865 1487 1953 Authentica
1559 1867 1840 1952 habita
1903 1865 2167 1950 suerit
2230 1924 2262 1970 ‚
2325 1867 2766 1980 explicant
2816 1868 3229 1987 Theologi
3283 1873 3428 1954 ab—

587 2019 815 2105 sque
883 1997 1058 2079 ullo
1118 1993 1534 2077 Pontium
1588 1988 2115 2105 praejudicio
2142 2047 2167 2073 .
2232 1988 2735 2079 Audiantur
2779 1991 3234 2106 perdocti,
3258 1997 3426 2082 cla·-

595 2122 1089 2232 rissimique
1143 2119 1311 2204 viri
1374 2119 1756 2203 Salmero
1786 2172 1818 2218 ‚
1877 2114 1965 2203 ἃ
2020 2114 2586 2201 Bellarminus
2618 2176 2645 2201 .
2711 2119 3050 2206 Horum
3094 2124 3427 2234 primus

595 2248 759 2357 qui
820 2241 1352 2329 Tridentino
1395 2242 1802 2327 Concilio
1865 2238 2254 2346 adstitit,
2313 2238 2776 2360 Vulgatam
2823 2249 2942 2330 ita
2974 2272 3425 2332 consecra-

600 2385 790 2455 tam
850 2372 1144 2454 asserit
1175 2425 1209 2474 ‚
1269 2388 1370 2453 ut
1428 2367 1644 2452 nihil
1697 2367 2106 2452 Hebraeis
2139 2425 2170 2471 ‚
2232 2364 2322 2451 ἃ
2379 2364 2730 2456 Graecis
2764 2374 3179 2458 Fontibus
3226 2374 3424 2460 fue-

602 2496 723 2581 rit
768 2491 1254 2582 detractum
1295 2550 1318 2575 .
1384 2491 1734 2579 Nullam
1789 2497 2086 2606 inquit
2132 2491 2703 2582 Bellarminus
2755 2497 2900 2581 lib.
2939 2517 3004 2578 11
3066 2502 3175 2585 cle
3216 2502 3427 2588 Ver-

601 2621 711 2706 bo
778 2621 948 2705 Dei
1010 2623 1331 2733 scripto
1385 2646 1575 2734 cap.
1616 2637 1704 2707 x.
1744 2677 1778 2726 ‚
1837 2618 2129 2707 Patres
2227 2620 2612 2707 fontium
2678 2629 3230 2712 mentionem
3295 2623 3429 2710 fa-

603 2748 861 2835 ciunt
925 2803 959 2850 ‚
1022 2744 1172 2831 sed
1229 2746 1508 2832 solum
1574 2774 1680 2833 ex
1751 2744 2288 2835 versionibus
2351 2746 2691 2834 Latinis
2757 2809 2789 2857 ‚
2884 2780 3112 2864 quae
3175 2775 3428 2839 nunc

603 2871 1345 2967 circumferuntur
1378 2929 1410 2975 ‚
1472 2898 1747 2955 unam
1822 2868 2330 2989 delegerunt
2361 2932 2393 2980 ,
2456 2902 2719 2990 quam
2776 2884 3133 2964 caeteris
3193 2892 3431 2963 ante·

605 3015 1146 3114 ponerent„
1211 3054 1237 3077 .
1304 2991 1808 3108 Eodemque
1877 3001 1976 3081 in
2033 2998 2179 3081 lib.
2249 3026 2438 3114 cap.
2479 3018 2595 3083 xl.
2666 3002 3109 3120 subjungit
3164 3033 3190 3085 ε
3258 3004 3427 3088 Ec-

607 3124 864 3211 clesia
927 3141 1205 3208 certos
1269 3150 1432 3207 nos
1468 3118 1824 3209 reddere
1875 3125 2147 3212 voluit
2182 3183 2212 3228 ‚
2273 3129 2370 3209 in
2439 3131 2543 3211 iis
2606 3132 3109 3239 praesertim
3142 3182 3175 3233 ‚
3206 3155 3432 3241 quae

606 3245 719 3336 ad
773 3243 1080 3335 Fidem
1115 3308 1146 3355 ‚
1204 3247 1293 3336 ἃ
1333 3247 1630 3334 Mores
1676 3252 2132 3364 pertinent
2161 3309 2196 3356 ,
2262 3255 2495 3339 nulla
2552 3280 2739 3339 esse
2822 3259 2916 3340 in
3004 3254 3160 3341 hac
3230 3282 3434 3341 ver-

605 3381 854 3460 sione
924 3379 1511 3488 lnterpretum
1576 3396 1848 3462 errata
1884 3436 1908 3461 .
1947 3436 1970 3461 .
2011 3437 2034 3462 .
2068 3374 2214 3461 sed
2267 3397 2462 3466 tuto
2525 3408 2772 3493 posse
2840 3380 3130 3467 fideles
3193 3379 3280 3467 ἃ
3312 3384 3433 3464 si-

607 3527 732 3589 ne
760 3506 1146 3615 periculo
1173 3504 1373 3589 huic
1405 3503 1812 3590 Versioni
1849 3499 2285 3591 confidere
2322 3564 2385 3611 ‚,
2422 3565 2444 3591 .
2482 3505 2608 3593 At
2639 3507 3169 3595 observanda
3225 3534 3432 3619 quo-

607 3653 785 3742 que
851 3649 1064 3715 sunt
1095 3690 1125 3735 ‚
1190 3658 1410 3743 quae
1482 3656 1682 3717 mox
1737 3657 1840 3713 ex
1891 3629 2438 3718 praefatione
2501 3631 2885 3742 ejusdem
2949 3634 3362 3750 Vulgatae
3398 3690 3430 3739 ‚

613 3756 1214 3844 subnectimus
1274 3816 1298 3841 .
1369 3758 1924 3847 sacrosancta
1986 3756 2390 3871 Synodus
2441 3757 2964 3846 Tridentina
3021 3757 3231 3843 illud
3291 3756 3432 3843 de·-

609 3898 856 3970 creto
912 3911 1071 3969 suo
1131 3887 1566 3996 sapienter
1626 3880 1942 3992 adjecit
1973 3943 2006 3991 ,
2069 3905 2171 3969 ut
2219 3885 2428 3972 haec
2478 3890 2659 3999 ipsa
2716 3905 2964 3972 vetus
3055 3914 3155 3972 ac
3246 3883 3433 3970 vul-

608 4025 806 4127 gata
871 4008 1152 4094 Editio
1217 4009 1919 4095 emendatissime
1948 4067 1978 4116 ,
2037 4008 2319 4124 quoad
2381 4013 2567 4096 fieri
2592 4015 2604 4027 “
2627 4033 2912 4124 posset
2994 4012 3431 4125 imprime-

608 4150 851 4221 retur
885 4163 911 4217 ε
980 4162 1270 4248 neque
1330 4134 1478 4217 ulli
1541 4138 1852 4220 liceret·
1899 4162 2092 4221 eam
2152 4140 2346 4220 sine
2408 4138 2815 4223 facultate
2874 4198 2905 4244 ‚
2967 4136 3053 4225 ἃ
3133 4165 3439 4249 appro-

613 4261 966 4346 batione
1018 4260 1577 4374 Superiorum
1627 4259 2057 4370 ‘excudere
2093 4320 2115 4344 .
2183 4266 2382 4377 Quo
2439 4264 2813 4348 Decreto
2877 4263 3131 4348 simul
3187 4278 3437 4376 typo·

615 4390 1135 4502 graphomm
1200 4392 1730 4492 temeritati,
1793 4412 1894 4474 ac
1952 4389 2350 4473 licentiae
2397 4386 2760 4474 modum
2823 4390 3234 4502 imposuit
3255 4442 3287 4490 ‚
3345 4387 3434 4476 ἃ

617 4509 1068 4598 Pastorum
1133 4514 1560 4600 Ecclesiae
1626 4519 1720 4599 in
1788 4533 2038 4601 tanto
2128 4516 2364 4600 bono
2453 4543 2722 4627 quam
2785 4511 3435 4632 diligentissime

618 4635 1089 4725 retinendo
1113 4697 1145 4743 ‚
1205 4639 1293 4726 ἃ
1321 4637 1916 4727 conservando
1940 4699 1970 4743 ‚
2001 4642 2539 4758 vigilantiam
2565 4698 2596 4744 ‚
2627 4660 2889 4753 atque
2920 4640 3432 4726 industriam

611 4766 1020 4852 excitavit
1056 4824 1080 4846 .
1148 4766 1256 4849 Et
1319 4771 1713 4877 quamvis
1781 4769 2263 4884 insignium
2355 4764 3077 4853 Accademiarum
3138 4764 3432 4850 Theo-

611 4885 791 5006 logi
845 4895 942 4973 in
1003 4887 1403 4977 Editione
1469 4889 1808 5007 vulgata
1879 4896 2246 5004 pristino
2299 4920 2456 4978 suo
2523 4897 2787 4978 nitori
2838 4887 3366 4978 restituenda
3399 4946 3430 4995 ‚

617 5039 939 5133 magna
1000 5042 1210 5106 cum
1258 5011 1509 5105 laude
1561 5018 2197 5123 laboraverint;
2261 5023 2464 5134 quia
2523 5035 2821 5104 tamen
2885 5023 2981 5104 in
3042 5034 3288 5106 tanta
3343 5041 3437 5100 re

2139 5146 2201 5228 Z
3193 5142 3436 5228 nussa

4797 2481 4806 2489 .

4864 2647 4879 2924 μ--Ε
4870 2511 4875 2530 -
