4913 6618
3324 546 3442 643 47

626 676 1049 769 Severum
1116 679 1573 786 imperavit
1598 732 1620 757 .
1691 670 1891 758 Cur.
1913 695 2119 785 ergo
2181 665 2270 757 81
2337 692 2500 751 nos
2566 656 3068 780 Symmachi
3131 656 3449 742 versio·
3547 733 3556 745 ,

627 833 840 893 nem
870 865 899 910 ‚
959 798 1533 889 Theodotioni
1588 801 2249 912 'praeposuimus
2276 789 2322 877 2
2377 791 2585 876 Non
2643 804 3044 901 respectu
3103 801 3443 895 tempo-

589 934 744 1028 >ris
781 990 809 1027 ‚
871 933 1097 1014 bene
1155 956 1361 1017 vero
1415 931 1642 1029 loci,
1707 953 1972 1041 quem
2027 942 2396 1033 utraque
2472 921 2566 1002 in
2632 913 3185 1030 origenianis
3259 908 3445 995 He-

634 1058 907 1169 xaplis
966 1058 1345 1139 obtinuit
1380 1114 1409 1156 ‚
1475 1049 1714 1166 quod
1768 1083 1818 1137 a
1884 1052 2174 1135 multis
2257 1046 2589 1131 factum
2656 1043 3124 1155 opinamur
3159 1092 3189 1137 ‚
3240 1061 3441 1121 ver-

629 1184 968 1265 sionem
1026 1181 1525 1294 Symmachi
1584 1175 2059 1263 secundam
2115 1235 2146 1280 ‚
2206 1169 2827 1259 Theodotionis
2882 1167 3232 1251 tertiam
3297 1188 3444 1273 ap·

629 1306 1133 1420 pellavimus
1202 1367 1224 1390 .
1326 1301 1772 1417 Siquidem
1831 1303 2256 1420 Origenes
2320 1303 2418 1384 in
2479 1295 2878 1408 Hexaplis
2946 1318 3127 1375 non
3205 1283 3443 1372 ordi-

631 1460 848 1518 nem
907 1438 1317 1545 temporis
1354 1492 1384 1536 ‚
1445 1429 1593 1517 sed
1659 1429 2076 1540 majorem
2134 1453 2394 1537 quam
2432 1423 2785 1536 putabat
2817 1416 2924 1502 ad
2949 1417 3443 1505 Hebraeum

631 1575 966 1642 textum
1033 1561 1867 1670 approximationem
1928 1615 1962 1661 ,
2022 1557 2120 1637 in
2190 1551 2733 1647 versionibus
2798 1540 3366 1655 disponendis
3404 1602 3438 1648 ,

634 1696 1046 1795 sequutus
1114 1703 1242 1767 est
1314 1742 1337 1765 .
1428 1688 1618 1797 Qua
1674 1678 1783 1765 de
1832 1709 1926 1765 re
1993 1684 2279 1791 primo
2342 1677 2534 1761 loco
2606 1676 2892 1786 posuit
2956 1668 3367 1783 Aquilam
3405 1728 3439 1777 ,

632 1807 1021 1893 secundo
1080 1808 1697 1925 Symmachum
1726 1866 1757 1911 ‚
1817 1808 2076 1890 tertio
2140 1801 2657 1888 Versionem
2716 1814 2916 1885 Lxx.
2990 1797 3438 1907 Interpre-

635 1950 827 2019 tum
859 1993 887 2034 ‚
951 1920 1208 2042 atque
1262 1962 1312 2015 e
1367 1937 1723 2048 vestigio
1757 1928 2453 2018 Theodotionem
2489 1986 2519 2031 ‚
2587 1931 2869 2039 quint
2901 1923 3231 2010 dictum
3266 1942 3444 2030 est,

629 2063 981 2169 prophis
1013 2055 1157 2141 'ad
1212 2054 1739 2147 Versionem
1792 2076 1995 2140 Lxx.
2085 2082 2288 2168 prae
2351 2053 2531 2137 aliis
2586 2049 3043 2138 accedebat
3077 2108 3100 2131 .
3169 2051 3445 2167 Fulgi-

627 2178 1077 2268 dissimum
1116 2242 1145 2287 ,
1208 2187 1442 2270 inter
1499 2182 1876 2269 eruditos
1910 2242 1940 2285 ‚
2001 2182 2301 2266 lumen
2373 2172 2826 2263 Dionisius
2862 2175 3259 2260 Petavius
3294 2204 3449 2258 no-

630 2303 847 2393 dum
912 2310 1153 2394 hunc
1204 2312 1529 2398 solvere
1588 2313 1953 2394 enititur
1986 2366 2017 2413 ,
2083 2299 2705 2391 contendendo
2739 2300 3238 2416 Symmachi
3273 2297 3444 2384 edi-

626 2428 971 2518 tionem
1043 2436 1367 2545 publici
1425 2436 1686 2520 fuisse
1743 2436 1953 2546 juris
1992 2491 2022 2538 ‚
2083 2460 2268 2517 non
2323 2434 2480 2515 sub
2537 2430 2855 2515 Severo
2890 2486 2920 2533 ‚
2983 2423 3130 2511 sed
3160 2427 3444 2513 Lucio

630 2556 867 2644 Vero
902 2618 932 2662 ‚
995 2564 1148 2669 qui
1216 2568 1674 2647 antecessit
1731 2557 2319 2646 Commodum
2353 2616 2385 2661 ,
2443 2554 2532 2642 ἃ
2567 2556 2983 2643 Severum
3020 2611 3042 2636 .
3112 2551 3276 2638 Ast
3300 2553 3445 2640 Pe·

625 2688 865 2769 tavio
899 2746 927 2788 ,
991 2688 1285 2795 inquit
1349 2686 1826 2773 Cardinalis
1896 2681 2139 2770 Gotti
2204 2687 2298 2767 in
2371 2709 2631 2795 opere
2677 2684 2788 2767 de
2863 2680 3092 2768 Vera
3159 2680 3443 2800 Relig.

627 2811 739 2895 T.
777 2810 876 2892 11.
939 2834 1129 2921 cap.
1176 2840 1260 2924 5.
1301 2870 1329 2914 ‚
1396 2814 1671 2898 obstat
1732 2811 1827 2895 P.
1888 2806 2471 2897 Montfaucon
2514 2869 2545 2914 ‚
2609 2812 2760 2923 qui
2816 2811 2908 2892 in
2969 2808 3140 2891 suis
3196 2833 3441 2918 prae-

628 2935 1167 3019 liminaribus
1227 2933 1333 3020 ad
1400 2939 1778 3051 Hexapla
1832 2937 2238 3053 Origenis
2274 2991 2305 3039 ‚
2364 2963 2471 3021 ex
2542 2935 2983 3020 Chronico
3070 2929 3444 3017 Alexan-

633 3058 892 3144 drino
948 3080 1239 3171 aperte
1285 3068 1617 3151 evincit
1653 3124 1684 3171 ,
1742 3059 2360 3147 Theodotionis
2427 3058 2904 3147 editionem
2961 3061 3054 3142 in
3102 3084 3443 3145 annum

631 3203 969 3270 sextum
1035 3185 1497 3275 Commodi
1563 3186 1970 3277 incidisse
2008 3245 2037 3291 ‚
2099 3187 2598 3304 Symmachi
2665 3215 2876 3273 vero
2933 3188 3444 3298 interpreta-

634 3316 972 3398 tionem
1015 3371 1045 3415 ‚
1109 3318 1203 3397 in
1271 3345 1611 3402 anuum
1679 3342 2022 3401 nonum
2088 3316 2381 3404 Severi
2447 3372 2514 3421 9,
2584 3372 2609 3398 .
2674 3316 2987 3399 Trium
3082 3317 3440 3403 istarum

638 3443 1144 3540 versionum
1204 3447 1565 3526 nonnisi
1621 3441 1713 3522 τὰ
1770 3436 2088 3549 adalam
2141 3445 2668 3553 reperireest
2698 3438 2927 3555 apud
2962 3438 3440 3557 Origenem

631 3565 731 3647 in
792 3565 1196 3684 Hexaplis
1232 3623 1263 3668 9
1324 3567 1969 3681 Hieronymum
2039 3623 2069 3669 ,
2160 3568 2537 3678 aliosque
2591 3568 3011 3653 Ecclesiae
3072 3565 3363 3652 Patres
3411 3628 3442 3677 ‚

631 3715 738 3773 ex
791 3691 1106 3801 quibus
1161 3697 1361 3776 satis
1391 3695 1668 3806 liquet
1709 3696 1800 3774 in
1859 3697 2137 3802 pretio
2170 3692 2378 3777 olim
2412 3691 2674 3774 fuisse
2710 3751 2740 3795 ‚
2803 3695 3195 3804 quamvis
3249 3692 3443 3777 hae·

630 3817 1107 3900 reficorum
1162 3817 1439 3904 foetus
1509 3837 1796 3904 essent
1858 3876 1886 3920 ‚
1972 3847 2069 3903 ac
2129 3816 2878 3930 depravationibus
2933 3835 3369 3903 scaterent
3414 3877 3439 3904 .

631 3940 1189 4053 Quamquam
1242 3972 1451 4031 vero
1516 3976 1565 4030 a
1608 3945 2173 4058 peculiaribus
2241 3940 2788 4029 Graecanicis
2835 3946 3229 4031 Ecclesiis
3263 4004 3294 4049 ‚
3344 3963 3445 4032 ut

631 4063 1240 4181 Hieronymus
1298 4075 1593 4155 asserit
1648 4072 2201 4171 Praefatione
2257 4073 2352 4155 in
2398 4071 2556 4187 Job
2584 4130 2614 4175 ,
2677 4074 2989 4184 Aquila
3015 4068 3378 4188 Judaeus
3410 4129 3445 4177 ,

633 4190 1205 4307 Symmachus
1245 4254 1273 4298 ‚
1338 4197 1425 4284 ἅ
1487 4192 1969 4282 Theodotio
2062 4194 2394 4279 fuerint
2463 4201 2790 4308 recepti
2854 4230 2884 4302 ς
2984 4223 3453 4310 nunquam

633 4342 937 4404 eorum
996 4324 1761 4433 interpretationes
1845 4323 2349 4408 universalis
2433 4321 2809 4407 Ecclesia
2889 4318 3388 4436 adprobavit
3422 4380 3445 4414 9

631 4440 776 4528 Ad
822 4444 1029 4530 haec
1065 4506 1094 4551 ,
1162 4477 1382 4558 quae
1439 4476 1541 4533 ex
1598 4449 1757 4531 illis
1813 4451 2667 4561 interpretationibus
2724 4453 2816 4533 in
2867 4449 3258 4536 Ecclesiis
3319 4447 3446 4530 le-

632 4573 1059 4686 gebantur
1097 4633 1125 4675 ,
1191 4576 1329 4658 vel
1391 4576 1633 4660 nullo
1701 4571 2083 4662 faedatae
2116 4594 2366 4660 erant
2400 4602 2686 4660 errore
2714 4633 2744 4681 ‚
2806 4574 3046 4662 Fidei
3079 4594 3230 4664 aut
3261 4599 3448 4658 mo-

632 4698 862 4782 ribus
932 4696 1295 4786 adverso
1331 4760 1362 4807 ,
1424 4703 1562 4792 vel
1624 4720 1980 4786 eatenus
2037 4702 2555 4787 obtinebant
2607 4759 2643 4806 ,
2705 4722 3131 4814 quatenus
3206 4699 3448 4785 nulla

631 4819 834 4908 falsa
898 4822 1293 4912 doctrina
1341 4847 1471 4912 est
1526 4885 1558 4932 ‚
1621 4854 1844 4939 quae
1907 4845 2091 4913 non
2176 4828 2458 4940 aliqua
2522 4855 2725 4915 vera
2789 4832 3381 4950 intermisceat
3412 4871 3447 4932 ‚·

633 4967 736 5034 ut
800 4947 884 5032 S.
924 4950 1022 5035 P.
1053 4952 1594 5069 Augustinus
1645 4972 1955 5038 monet
2022 4953 2164 5038 lib.
2196 4975 2290 5039 11.
2363 4953 2470 5040 de
2535 4957 2883 5068 Quaest.
2949 4955 3443 5073 Evangelic.

637 5101 825 5191 cap.
855 5106 1006 5185 40.
1050 5076 1411 5168 Praeter
1470 5081 1890 5172 hactenus
1926 5084 2395 5168 recensitas
2432 5141 2467 5193 2
2529 5100 2702 5169 tres
2726 5084 2937 5169 aliae
2969 5099 3452 5174 occurrunt

3259 5230 3449 5295 ver-
