4913 6618
1536 607 1580 665 1
1608 605 1642 663 1
1664 577 1719 662 6

1524 724 1820 790 setur.
1881 725 2186 789 verum
2237 721 2452 786 cum
2488 691 2959 814 paullulum
3002 675 3509 806 producitur
3539 684 3904 805 desuper
3937 746 3968 795 ,
4026 712 4131 780 ac
4158 699 4335 785 ona

1401 925 1413 935 ,
1528 828 1985 914 zontaliter
2041 845 2137 909 ut
2184 829 2293 910 sit
2354 864 2412 918 ς-
2454 885 2485 929 ,
2545 823 3024 937 aequivalet
3101 820 3329 904 binis
3393 822 3846 903 elementis
3907 875 3938 921 ,
3998 822 4333 913 scilicet

1534 989 1586 1035 σ·
1646 1009 1679 1056 ‚
1740 949 1826 1038 ἃ
1888 988 1934 1033 τ
1990 1012 2014 1033 .
2081 951 2168 1036 A
2215 955 2401 1065 pari
2463 1010 2492 1054 ‚
2583 950 2671 1036 ἃ
2724 978 2774 1033 e
2848 972 3277 1031 converso
3340 973 3405 1055 q
3473 942 3806 1031 Graeco
3868 942 4329 1062 Aegyptiis

1524 1078 1889 1190 simplex
1942 1078 2049 1161 ab
2092 1080 2351 1161 initio
2404 1075 2570 1159 fuit
2636 1071 3065 1159 indicium
3103 1075 3446 1155 numeri
3506 1075 4118 1188 nonagenariis
4156 1068 4327 1162 Sed

1523 1229 1735 1287 cum
1799 1203 1982 1310 ejus
2033 1199 2316 1288 forma
2376 1204 2485 1284 sit
2543 1196 3001 1284 dimidmm
3057 1195 3388 1280 litterae
3447 1197 3521 1296 ᾧ
3574 1253 3607 1296 ‚
3668 1195 3900 1307 quod
3931 1201 4326 1286 intuenti

1521 1326 1767 1412 facile
1823 1346 2058 1439 patet
2096 1385 2127 1431 ‚
2216 1355 2407 1410 eam
2478 1320 2840 1407 subinde
2916 1323 3107 1403 loco
3203 1324 3518 1438 integri
3584 1324 3660 1422 ᾦ
3740 1349 3949 1406 cum
4018 1322 4323 1415 eadem

1517 1472 1941 1566 potestate
1997 1481 2159 1535 usu
2219 1466 2739 1561 receperunt
2768 1505 2789 1527 .
2856 1445 3172 1528 Notam
3241 1476 3305 1554 q
3388 1477 3437 1530 a
3504 1446 3803 1558 Coptis
3862 1447 4321 1538 adhibitam

1512 1605 1671 1690 pro
1714 1579 1792 1663 G
1862 1635 1890 1682 ‚
1914 1574 2214 1660 κόππα.
2254 1578 2671 1660 nimirum
2703 1570 3228 1658 Graecorum
3265 1632 3294 1675 ‚
3326 1601 3586 1657 nemo
3615 1576 3970 1689 ambigit
3998 1604 4028 1658 ε
4085 1573 4345 1668 idem„

1514 1705 1794 1788 valere
1859 1731 1956 1787 ac
2017 1705 2089 1804 Φ
2167 1701 2485 1787 detexit
2534 1705 2823 1814 paucis
2885 1728 2980 1782 aa
3032 1698 3237 1781 hinc
3273 1704 3532 1781 annis
3596 1726 3700 1782 ex
3763 1700 4321 1818 Aegyptiam

1495 1856 1846 1941 papyro
1916 1828 2204 1913 Musei
2272 1829 2673 1943 Borgiani
2734 1824 3132 1908 Nicolaus
3197 1822 3500 1907 Schow
3538 1881 3565 1923 ‚
3625 1822 3713 1910 81
3774 1844 4138 1936 utraque
4179 1854 4323 1914 ur·

1402 1974 1414 1984 ’
1511 1979 1633 2036 na
1698 1956 2247 2064 amplectitur
2295 1951 2713 2068 Georgius
2769 1980 2791 2023 ε
2854 1951 3262 2059 Denique
3330 1978 3394 2058 q
3458 1977 3636 2034 esse
3717 1946 4177 2038 dimidium
4233 1956 4327 2058 ψ

1511 2082 1706 2189 quis
1768 2100 2080 2178 renuat
2113 2084 2147 2164 ἓ
2182 2079 2422 2162 Stare
2488 2083 2777 2186 itaque
2820 2075 3046 2159 hanc
3105 2072 3940 2161 animadversionem
3999 2082 4327 2168 merito

1497 2206 2078 2306 arbitramur,
2140 2204 2226 2290 81
2287 2202 2643 2287 Graeco·
2670 2200 3195 2317 Aegyptiac-a
3246 2201 3724 2286 litterarum
3816 2202 4247 2290 elementa
4277 2261 4325 2312 „

1506 2341 1977 2414 numerum
2042 2332 2583 2445 trigesimum
2643 2356 2827 2412 non
2899 2325 3363 2410 excedere.
3430 2324 3575 2409 Ab
3616 2328 3881 2413 hacce
3947 2321 4305 2441 opinio·-

1504 2469 1626 2538 ne
1684 2454 2016 2540 alienus
2080 2460 2310 2541 visus
2403 2484 2584 2540 non
2687 2473 2818 2537 est
2874 2456 3234 2566 ipsemet
3297 2446 3714 2570 Georgius
3748 2512 3779 2557 ‚
3836 2479 4048 2540 cum
4114 2484 4311 2576 pag.

1501 2578 1895 2678 Praefat.
1952 2599 2225 2670 XLVII.
2287 2583 2624 2693 scripsit
2659 2608 2679 2655 ε
2750 2578 2838 2660 Si
2870 2582 3059 2688 quis
3094 2596 3385 2659 autem
3422 2582 3531 2662 sit
3563 2637 3591 2683 ‚
3656 2583 3809 2692 qui
3848 2580 4059 2680 velit
4082 2582 4315 2666 mul·-

1500 2720 1597 2786 to
1633 2723 1846 2789 ante
1913 2706 2464 2790 Plutarchum
2504 2764 2533 2808 ‚
2594 2704 3139 2814 alphabetum
3210 2699 3639 2789 Graecum
3707 2732 3913 2791 cmn
3970 2701 4305 2796 duobus

1497 2827 1862 2939 ἔπεα-»ὅμως
1902 2885 1931 2932 ‚
1994 2837 2177 2917 sive
2231 2857 2428 2914 cum
2500 2827 2820 2914 duabus
2878 2832 3105 2912 notis
3174 2826 3726 2914 arithmeticis
3824 2850 3884 2909 t·
3954 2827 4045 2916 ἃ
4126 2859 4193 2942 q
4254 2891 4289 2938 ‚

1494 2958 1653 3054 βαΰ
1690 3013 1718 3059 ,
1780 2954 1868 3042 ἃ
1933 2990 2201 3038 »own
2271 2985 2320 3038 a
2381 2956 2768 3068 Copticis
2829 2953 3293 3070 admissum
3328 3009 3365 3056 9
3418 2953 3615 3039 huic
3682 2983 3839 3074 ego
3904 2961 4089 3042 non
4162 2984 4303 3044 re-

1489 3077 1880 3194 fragabor
1917 3138 1980 3185 9,
2045 3138 2068 3163 .
2135 3082 2378 3193 Quae
2432 3109 2645 3170 vero
2700 3077 2984 3164 subdit
3036 3075 3451 3194 Georgius
3511 3078 3768 3166 ducta
3828 3081 3934 3166 ab
3989 3110 4298 3169 exem--

1487 3204 1642 3316 plo
1692 3204 2370 3290 Atheniensium
2401 3265 2430 3311 ‚
2493 3210 2642 3318 qui
2670 3207 3075 3323 Jonicum
3109 3203 3654 3317 alphabetum
3689 3265 3719 3309 ,
3778 3211 4301 3297 observante

1488 3328 1881 3417 Henrico
1964 3329 2307 3416 Valesio
2360 3388 2391 3435 ‚
2476 3332 2564 3419 ἃ
2629 3330 3154 3445 adprobante
3241 3330 3697 3416 Bouhierio
3765 3336 3855 3418 in
3892 3331 4117 3421 diss.
4178 3338 4291 3422 de
4340 3352 4345 3355 ’

1468 3456 1792 3569 priscis
1849 3459 2005 3543 Gr.
2058 3456 2166 3547 &a
2221 3460 2412 3541 Lat.
2473 3458 2646 3542 litt.
2710 3454 2816 3540 ad
2868 3459 3191 3542 calcem
3225 3457 3632 3575 Palaeog.
3667 3458 4285 3561 Montfauoen.

1485 3584 2024 3694 privatorum
2078 3580 2376 3667 studiis
2441 3585 3059 3695 permittebant
3096 3640 3128 3682 ‚
3190 3608 3374 3664 non
3436 3611 3642 3669 vero
3692 3588 3781 3671 in
3837 3587 4285 3696 publicum

1483 3734 1740 3795 usum
1773 3767 1804 3814 ‚
1868 3712 2038 3793 nisi
2090 3733 2278 3793 sero
2313 3769 2342 3813 ‚
2397 3707 2487 3795 ἃ
2541 3710 2995 3796 Archonte
3040 3704 3402 3792 Euclide
3484 3735 3629 3792 an.
3698 3713 3859 3825 17:
3914 3709 4279 3826 Olymp.

1480 3851 1695 3928 xxv.
1770 3893 1803 3939 ‚
1898 3862 1996 3919 ea
2061 3840 2428 3946 inquam
2494 3892 2526 3938 ‚
2616 3853 2744 3918 sat
2794 3835 3045 3918 nobis
3104 3831 3555 3918 obfirmare
3618 3862 3801 3919 non
3868 3832 4285 3924 videntur

1481 3978 1789 4044 notam
1853 3987 1925 4066 q
1967 3985 2130 4045 ceu
2195 3955 2551 4068 ὕπτια-ἦραν
2603 3955 2832 4073 apud
2895 3958 3284 4070 Coptitas
3340 3959 3446 4041 ab
3503 3963 3764 4047 initio
3822 3962 4281 4075 alphabeti·

1480 4109 1640 4171 cae
1703 4078 2083 4169 Graecae
2134 4087 2655 4196 receptionis
2711 4108 2894 4169 non
2945 4085 3475 4170 obtinuisse.
3540 4083 3707 4171 Ast
3756 4083 4020 4172 dubio
4080 4116 4278 4201 pro-

1479 4210 1624 4300 cul
1678 4226 2064 4296 veterem
2119 4212 2625 4317 immortalis
2681 4206 3095 4326 Georgius
3148 4212 3385 4293 exuit
3428 4215 3961 4299 sententiam
4014 4215 4109 4301 iu
4148 4239 4276 4297 re-

1476 4338 1982 4425 centissimo
2045 4358 2305 4451 opere
2361 4339 2496 4422 De
2556 4337 3016 4422 Miraczdis
3044 4336 3134 4418 S
3175 4333 3252 4418 C
3245 4334 3522 4418 olmlu
3554 4336 3661 4426 <36
3689 4338 4069 4449 reliquiis
4099 4334 4271 4429 fite.

1471 4466 1620 4550 ubi
1688 4462 2075 4561 praefat.
2143 4488 2335 4578 pag.
2404 4478 2699 4548 CCXXI.
2763 4485 3222 4549 censorem
3257 4518 3288 4562 ‚
3350 4461 3503 4569 qui
3534 4462 3861 4566 semel,
3923 4465 4281 4551 iterum·

1471 4615 1649 4702 que
1716 4586 1930 4692 παρὰ
1978 4582 2202 4704 mg&
2265 4612 2473 4672 eum
2538 4591 3070 4674 lacessiverat
3120 4643 3157 4688 ‚
3239 4580 3523 4705 πυκςός
3610 4587 4052 4700 alloquens
4114 4592 4271 4673 in-
4328 4658 4337 4665 .

1473 4715 1668 4825 quit
1707 4743 1730 4793 ε
1799 4708 1963 4794 Sed
2025 4702 2175 4793 tua
2227 4713 2365 4795 illa
2419 4712 2939 4823 probabilior
2992 4715 3431 4796 sententia
3499 4709 3606 4797 de
3668 4715 3945 4801 littera
4003 4721 4077 4796 A
4110 4713 4270 4801 tle-2

1461 4835 1830 4924 ‘ficiente
1885 4837 1976 4916 i'n
2025 4837 2296 4946 prisca
2351 4833 2981 4954 Aegyptiorum
3033 4837 3314 4952 lihgua
3381 4892 3412 4940 ‚
3502 4857 3787 4923 certus
3850 4858 3978 4927 est
4038 4839 4264 4927 divi-

1471 4963 1852 5051 nationis
1921 4978 2122 5061 tuae
2169 4987 2452 5044 error.
2517 4965 2752 5075 Quot
2802 4965 3050 5046 enim
3093 4962 3411 5046 litteras
3440 4960 3867 5048 habehant
3892 4963 4261 5073 Graeci,

1472 5114 1615 5175 eas
1659 5086 1746 5174 ἃ
1798 5084 2220 5213 Aegyptii
2241 5105 2712 5203 autequam
2738 5114 3037 5177 eorum
3068 5086 3610 5201 alphabetum
3640 5087 4205 5183 admitterent
4226 5150 4263 5199 ‚

4080 5242 4260 5304 nu·-
