4913 6618
3216 531 3657 645 169⁴-

607 655 1118 769 'Aethiopiae
1165 644 1688 765 Episcopum
1751 663 1920 735 con
1928 646 2274 736 sectarit
2305 703 2334 731 .
2394 644 2534 735 En
2599 642 3062 763 Ludolphii
3106 677 3410 742 narra-

610 794 739 874 tio
765 819 792 870 =
861 784 1308 894 Meropius
1361 790 1788 860 mercator
1865 776 2185 890 Tyrius
2268 780 2366 858 in
2449 773 2787 862 Indiam
2869 777 3417 891 profecturus

613 911 948 1026 appulit
1001 904 1107 992 ad
1159 905 1395 987 littus
1458 900 1965 1011 Aethiopiae
2019 904 2116 985 in
2174 903 2390 985 mari
2445 904 2706 988 rubro
2764 961 2799 1005 ‚
2887 922 3110 990 tunc
3191 910 3416 993 mari

610 1035 920 1121 Indico
982 1033 1246 1116 etiam
1295 1043 1863 1138 nuncupato;
1924 1028 2045 1109 ibi
2100 1044 2491 1111 mortuus
2545 1029 2895 1142 reliqult
2948 1023 3161 1114 duos
3214 1028 3419 1118 ado·

613 1164 1036 1247 lescentes
1071 1215 1102 1258 ‚
1162 1155 1777 1238 Frumentium
1803 1206 1835 1254 ,
1892 1148 1980 1237 81
2034 1149 2437 1238 Edesium
2473 1211 2507 1259 ,
2566 1161 2721 1267 qui
2785 1157 3019 1265 capti
3052 1212 3085 1256 a
3145 1154 3234 1242 ἃ
3300 1150 3412 1241 ad

615 1287 957 1404 Regem
1003 1279 1351 1366 adducti
1386 1335 1418 1381 ‚
1476 1281 1745 1390 ipsius
1798 1281 2162 1393 gratiam
2211 1274 2568 1392 adepti,
2629 1278 3098 1364 honoribus
3152 1303 3251 1367 ac
3319 1283 3423 1365 li.

615 1414 947 1499 bertate
991 1406 1294 1492 donau·
1315 1405 1558 1489 fiJere
1591 1459 1615 1485 .
1675 1402 2039 1487 Interim
2072 1420 2587 1487 mercatores
2641 1402 3169 1490 Christianos
3196 1464 3228 1510 ‚
3259 1407 3419 1518 qui

569 1619 572 1624 .
615 1538 819 1622 illuc
877 1534 1419 1647 appellebant
1444 1590 1472 1626 ,
1535 1529 1785 1614 omni
1829 1526 2316 1612 officiorum
2377 1554 2700 1645 genere
2765 1533 3411 1641 prosequeban-

616 1682 766 1750 tur
799 1722 831 1764 ‚
890 1657 1102 1744 adeo
1161 1678 1261 1744 ut
1314 1655 1402 1742 δι
1462 1679 1806 1738 morum
1844 1654 2394 1767 integritate,
2456 1653 2707 1761 cujus
2758 1658 3200 1766 specimen
3262 1661 3414 1742 in-

617 1809 756 1877 ter
809 1788 984 1871 illas
1040 1803 1341 1901 gentes
1391 1780 1707 1865 dabant
1765 1833 1795 1877 ‚
1896 1775 2383 1862 Christiana
2435 1777 2780 1897 Religio
2842 1780 2949 1864 ab
3014 1782 3422 1867 omnibus

621 1917 920 2031 magni
978 1910 1163 1996 fieri
1220 1911 1602 2020 coeperit
1628 1961 1651 1985 .
1701 1902 1911 1996 ‚Hoc
1942 1902 2184 1989 velut
2211 1898 2796 1989 fimdamento
2826 1908 3103 2018 posito
3126 1966 3156 2011 ‚
3188 1909 3418 1991 Fru-

620 2043 1010 2127 mentius
1064 2032 1173 2119 ad
1236 2033 1322 2117 S.
1358 2031 1931 2116 Athanasium
1994 2027 2429 2137 profectus
2466 2086 2494 2131 ‚
2556 2030 2663 2112 ab
2693 2032 2839 2117 illo
2876 2031 3422 2144 primus.Ae-

499 2225 514 2240 .
615 2166 992 2274 thiopiae
1050 2160 1519 2270 Episcopus
1577 2172 1909 2241 creatus
1972 2151 2141 2236 filit
2164 2208 2198 2256 9
2255 2151 2344 2239 ἃ
2397 2158 2496 2236 in
2534 2152 3086 2267 Aethiopiam
3134 2184 3422 2245 rever-

629 2317 772 2373 sus
822 2286 1260 2396 Baptismo
1302 2283 1621 2365 multos
1675 2278 2059 2363 initiavit
2119 2333 2153 2380 ‚
2223 2276 2735 2363 presbiteros
2786 2339 2817 2385 ‚
2876 2281 2962 2367 ἃ
2994 2282 3427 2370 Diaconos

630 2413 1090 2500 constituit
1121 2462 1155 2509 ‚
1211 2406 1577 2520 Templa
1631 2405 1999 2487 extruxit
2056 2432 2088 2504 ;
2175 2399 2264 2487 ἃ
2313 2404 2435 2487 sic
2494 2410 2824 2517 primus
2876 2406 3431 2525 Religionem

628 2537 1210 2624 Christianam
1256 2538 1350 2618 in
1418 2531 1875 2639 Aethiopia
1925 2524 2332 2614 fimdavit
2387 2582 2412 2609 .
2502 2529 2741 2616 Haec
2795 2531 3358 2647 adprobamus
3391 2591 3426 2642 ,

628 2680 1061 2776 quatenus
1122 2658 1652 2769 Aethiopum
1709 2650 1915 2737 fides
1974 2679 2161 2737 non
2197 2656 2367 2736 nisi
2397 2682 2555 2767 per
2599 2657 3211 2745 Frumentium
3242 2662 3435 2775 Epi.-

624 2812 988 2900 scopum
1021 2783 1602 2898 Hyerarchico
1630 2779 2077 2865 fulciretur
2103 2781 2590 2865 ministerio
2618 2810 2648 2867 ε
2712 2784 2859 2870 sed
2882 2783 3209 2870 laudata
3243 2811 3432 2873 sen·

625 2916 907 2998 tentia
965 2912 1366 2995 Waltoni
1414 2905 1879 3021 Josephum
1927 2903 2449 3021 Scaligerum
2517 2906 2988 2995 refellentis
3020 2968 3054 3015 ,
3115 2914 3269 3022 qui
3322 2906 3433 2998 ad

631 3055 1024 3148 tempora
1084 3037 1552 3148 Imperator
1577 3088 1602 3115 .
1658 3028 2128 3147 Justiniani
2183 3027 2446 3114 fidem
2497 3027 3023 3148 Aethiopum
3048 3030 3377 3123 distulit
3400 3093 3435 3144 ,

624 3163 879 3247 nobis
926 3164 1211 3272 potius
1270 3155 1586 3244 arridet
1614 3213 1647 3261 ,
1709 3158 1782 3238 si
1843 3152 1951 3240 de
2002 3151 2242 3239 Fidei
2315 3153 2820 3266 quibusdam
2884 3159 3368 3273 primordiis
3400 3219 3436 3269 ,

626 3315 727 3375 ac
775 3287 1198 3398 baptismo
1223 3285 1631 3399 privatim
1660 3284 1757 3366 in
1793 3279 2246 3394 Aethiopia
2305 3277 2898 3372 administrato
2941 3315 3223 3376 sermo
3255 3293 3368 3376 sit
3405 3345 3434 3377 0

633 3411 979 3515 Praeter
1033 3408 1553 3497 Eunuchum
1616 3464 1650 3513 ‚
1710 3436 1887 3520 quo
1948 3404 2057 3492 de
2113 3433 2398 3521 nuper
2453 3405 2787 3497 dictum
2844 3433 2974 3500 est
3026 3472 3058 3520 ‚
3133 3444 3440 3527 quem·
3510 3498 3519 3505 ,

626 3564 805 3650 que
855 3564 905 3619 a
965 3536 1354 3650 Philippo
1405 3532 1811 3619 edoctum
1846 3590 1878 3638 ‚
1938 3534 2141 3618 alios
2170 3535 2631 3646 baptizasse
2678 3536 2880 3626 licet
2932 3541 3369 3651 conjicere
3405 3550 3439 3646 ‘‚

617 3668 731 3749 'in
796 3661 1060 3777 plagis
1123 3660 1686 3774 Aethiophiae
1728 3656 2134 3775 Aegypto
2185 3664 2757 3746 conterminis
2822 3721 2856 3768 ‚
2917 3667 3444 3777 baptismum

629 3789 1165 3898 temporibus
1227 3786 1742 3901 Apostolicis
1792 3783 2054 3874 fuisse
2114 3780 2815 3875 administratum
2876 3844 2913 3894 ,
2976 3810 3436 3905 postquam

626 3918 728 3998 in
787 3912 1193 4027 Aegypto
1254 3913 1573 3999 Christi
1633 3905 1884 3996 Fides
1941 3929 2121 3999 erat
2175 3911 2708 4030 promulgata
2771 3969 2805 4016 ‚
2889 3916 3138 3999 nobis
3191 3916 3441 4005 vide-.-

629 4058 779 4128 tur
835 4038 1344 4149 probabilius
1383 4093 1408 4120 .
1472 4036 1613 4120 Re
1677 4033 2030 4147 quidem
2061 4065 2263 4126 vera
2319 4034 2510 4120 data
2546 4095 2577 4142 ‚
2638 4041 2871 4124 inter
2898 4037 3377 4157 Aegyptios
3406 4098 3445 4149 ,

628 4166 1223 4273 finitimosque
1254 4160 1720 4274 Aethiopes
1750 4164 2024 4248 civilis
2068 4165 2627 4263 commercii,
2686 4163 3140 4275 hypothesi
3175 4224 3205 4269 ,
3264 4195 3443 4280 quo

631 4308 1028 4401 tempore
1088 4286 1505 4406 Aegyptii
1567 4284 2338 4372 Christo-Domino
2388 4313 2721 4371 nomen
2787 4284 3204 4376 dederant
3224 4348 3258 4395 ,
3321 4292 3444 4378 ta·

631 4417 802 4504 cile
892 4430 1231 4497 constat
1300 4471 1332 4517 ‚
1464 4410 1899 4525 quomodo
2001 4415 2144 4497 isti
2235 4429 2588 4525 possent
2656 4408 3119 4525 Aethiopes
3212 4416 3440 4506 lava·

632 4569 786 4629 cro
816 4543 1488 4653 regenerationis
1532 4539 1870 4624 abluere
1905 4569 1928 4621 ε
1968 4536 2130 4624 Ast
2161 4536 2270 4624 de
2302 4541 2831 4623 commercio
2893 4540 3131 4622 inter
3191 4560 3450 4628 vtros·

633 4693 811 4777 que
844 4721 876 4767 ,
937 4665 1072 4748 vel
1124 4693 1175 4748 a
1234 4664 1687 4777 Cambysis
1718 4683 2108 4778 tempore
2143 4722 2175 4770 ‚
2235 4666 2588 4781 vigente
2620 4721 2652 4767 ‚
2712 4658 3256 4751 Herodotum
3316 4685 3444 4755 te-

636 4807 863 4874 stem
918 4785 1321 4891 habemus
1348 4848 1371 4872 .
1435 4787 1514 4872 Is
1566 4788 1712 4871 lib.
1752 4790 1881 4872 111.
1945 4817 2137 4903 cap.
2204 4818 2346 4899 19.
2408 4791 2589 4873 ait:
2645 4786 3165 4901 cambysem
3234 4796 3441 4877 mis·

571 5036 580 5043 ι
641 4938 935 4999 surum
998 4918 1558 5027 exploratores
1608 4909 1718 5001 ad
1749 4914 2089 5033 Regem
2116 4913 2650 5121 Aessiopum
2709 4918 3150 5006 accersivis
3162 4942 3256 5000 se
3313 4923 3441 5013 ταῖς

3266 5071 3430 5124 ίπὸ·
