4913 6618
635 606 1222 736 paraphrasim
1281 603 1469 722 ejus
1519 634 1570 694 a
1624 598 2050 692 Rabbinis
2101 593 2496 716 Elieze13
2553 596 3025 725 &Jehosue
3057 669 3090 719 ‚
3120 517 3449 724 Βοεᾲῗιὲ

639 774 693 832 a
753 743 1202 858 Prophetis
1257 739 1737 850 accepisse3
1802 731 2043 819 Idem
2097 731 2564 821 ferendum
2626 731 3051 844 judicium
3134 733 3243 822 de
3310 737 3454 857 Jo-

614 871 1047 978 ‚nathanis
1110 862 1652 977 paraphrasi,
1711 889 1976 973 quam
2035 861 2349 949 volunt
2405 889 2458 945 a
2509 857 2910 946 Zacharia
2944 921 2975 969 ,
3036 857 3386 980 Aggaeo
3415 922 3453 971 ‚

638 996 727 1084 ἃ
788 992 1206 1078 Malachia
1263 1014 1444 1074 esse
1506 982 2113 1100 auspicandam
2168 1044 2192 1069 .
2278 984 2866 1071 Nihilominus
2932 1045 2965 1093 ,
3030 985 3456 1100 quidquid

628 1100 781 1207 'alii
835 1121 1220 1205 sentiant
1275 1173 1308 1221 ,
1364 1132 1840 1224 utrumque
1910 1129 2119 1198 ante
2182 1111 2633 1198 Christum
2711 1129 3024 1201 natum
3080 1117 3456 1213 extitisse

636 1246 1277 1362 paraphrastem
1309 1296 1342 1344 ,
1402 1242 1647 1355 plura
1712 1240 1962 1324 nobis
2050 1235 2464 1327 videntur
2494 1294 2527 1343 ,
2589 1264 2860 1351 eaque
2931 1235 3190 1343 solida
3251 1268 3451 1326 mo·-

638 1390 943 1469 menta
997 1364 1346 1455 suadere
1382 1426 1406 1452 .
1474 1367 1778 1451 Obstat
1861 1365 2064 1450 huic
2142 1368 2639 1479 antiquitati
2692 1423 2725 1470 ‚
2785 1382 3199 1484 regerunt
3260 1368 3450 1474 illi,

643 1500 921 1584 altum
970 1494 1077 1581 de
1139 1490 1562 1603 ejusmodi
1620 1491 2256 1607 paraphrasibus
2334 1493 2777 1577 silentium
2833 1553 2871 1598 ,
2931 1521 3115 1578 non
3189 1490 3454 1579 modo

643 1622 879 1737 apud
939 1618 1609 1707 eruditissimum
1659 1619 2139 1735 Origenem
2172 1676 2202 1721 ,
2263 1616 2846 1732 Epiphaniam
2903 1623 3264 1706 natione
3287 1619 3450 1735 Ju-

645 1748 958 1836 daeum
993 1807 1024 1854 ,
1083 1748 1172 1834 δι’
1222 1752 1696 1833 maximum
1758 1744 2469 1855 Hieronymum3
2533 1771 2845 1830 verum
2899 1749 3162 1831 etiam
3218 1743 3449 1858 apud

643 1878 1035 1965 Flavium
1110 1874 1572 1991 Josephum
1610 1931 1634 1957 .
1700 1867 1872 1954 Sed
1923 1871 2189 1956 hocce
2259 1873 2766 1988 negativum
2831 1893 3448 1990 argumentum

642 2007 837 2085 satis
902 1998 1108 2085 inde
1155 1999 1502 2085 eliditur
1535 2056 1568 2104 ,
1602 1992 1835 2109 quod
1897 2015 2105 2083 ante
2160 1997 2824 2113 typographicae
2870 2003 3072 2083 artis
3121 2003 3452 2088 inven-

636 2131 978 2214 tionem
1011 2185 1042 2232 ,
1105 2152 1475 2211 numero
1530 2147 1955 2236 perpauca
2009 2150 2310 2207 earum
2359 2121 2655 2208 forent
2701 2127 3264 2237 exemplaria3
3329 2129 3448 2210 si-

643 2252 998 2366 quidem
1033 2311 1063 2356 ,
1125 2272 1225 2336 ut
1287 2255 1406 2334 ait
1468 2251 1686 2335 Elias
1733 2248 2044 2337 Levita
2105 2251 2204 2329 in
2251 2246 2794 2333 Praefatione
2844 2249 2972 2333 his
3002 2253 3450 2365 paraphra-

643 2382 873 2463 sibus
932 2380 1409 2490 praeposita
1477 2434 1507 2479 ,
1567 2405 1742 2460 non
1807 2377 2177 2458 extabat
2249 2374 2639 2493 Targum
2726 2375 3359 2488 Prophetarum
3411 2436 3444 2484 ,

641 2503 750 2595 <36
800 2504 1537 2625 agiographorum
1577 2559 1607 2605 ,
1669 2501 1838 2583 nisi
1884 2502 2028 2585 vel
2081 2528 2351 2584 unum
2413 2503 2507 2584 1³12
2567 2519 2756 2585 tota
2809 2503 3191 2612 quadam
3222 2533 3451 2615 pro-

636 2634 927 2717 vincia
960 2683 993 2732 ,
1055 2630 1200 2712 vel
1238 2629 1363 2712 ad
1409 2654 1838 2711 summum
1893 2626 2064 2711 cluo
2119 2627 2651 2739 exemplaria
2698 2628 2791 2709 in
2839 2657 3014 2715 uno
3045 2630 3386 2715 climate
3420 2688 3444 2714 .

638 2753 1008 2843 Accedit
1043 2815 1073 2859 ‚
1136 2751 1368 2865 quod
1416 2747 1934 2869 Judaeorum
1987 2749 2395 2837 calliditas
2429 2815 2458 2852 ‚
2518 2751 2607 2839 81
2662 2752 3014 2864 perfidia
3046 2784 3235 2861 eas,
3272 2784 3452 2869 quo

638 2887 906 2999 magis
966 2879 1152 2966 fieri
1214 2897 1496 2993 posset
1530 2934 1561 2981 ,
1624 2877 2130 2963 Christianis
2210 2879 2584 2963 occultas
2651 2880 2913 2966 vellet
2943 2939 2975 2984 ‚
3039 2911 3158 2969 ne
3209 2886 3450 2967 exin-

638 3006 751 3094 de
816 3007 1215 3092 adversus
1284 3035 1376 3090 se
1428 3009 1656 3119 ipsos
1738 3032 1975 3089 arma
2058 3001 2720 3089 desumerentur
2787 3036 2809 3087 :
2883 3005 3120 3092 Loca
3204 3011 3447 3095 enim

639 3134 1082 3246 complura
1135 3135 1297 3218 illis
1356 3136 1452 3216 in
1500 3131 2141 3247 paraphrasibus
2176 3190 2207 3237 ,
2270 3127 2537 3216 fidem
2571 3149 2954 3219 nostram
2985 3130 3091 3221 de
3126 3134 3443 3222 Messia

638 3259 1168 3348 confirmant
1204 3320 1227 3344 .
1290 3259 1597 3344 Unum
1642 3276 1993 3346 tantum
2028 3319 2057 3366 ,
2120 3256 2208 3346 ἃ
2276 3259 2643 3345 alterum
2742 3259 3389 3373 superaddimus
3415 3320 3452 3370 ,

637 3390 1060 3474 nimirum
1140 3386 1730 3470 Onkelianam
1791 3387 2364 3501 paraphrasim
2433 3445 2466 3490 ‚
2528 3411 2794 3499 quam
2856 3415 3244 3475 summus
3308 3393 3453 3476 ille

636 3519 776 3605 vir
823 3507 1301 3597 Cardinalis
1351 3512 1769 3595 Ximenes
1862 3517 2034 3595 suis
2126 3512 2417 3595 Bibliis
2508 3515 2816 3599 alicubi
2897 3514 3448 3604 emendatam

637 3642 1005 3726 inseruit
1039 3692 1072 3738 ‚
1126 3641 1494 3723 caeteris
1546 3655 1974 3751 praestare
2007 3695 2040 3743 ,
2104 3634 2251 3721 sed
2308 3635 2716 3723 indubiae
2787 3668 2975 3724 non
3050 3669 3234 3726 esse
3301 3647 3451 3729 au·

637 3767 1119 3865 ctoritatis3
1183 3789 1282 3847 ac
1341 3759 1701 3849 demum
1756 3761 2373 3849 elaborandum
2430 3791 2613 3850 esse
2644 3792 2695 3848 a
2727 3768 2930 3852 viris
2969 3767 3450 3855 Hebraico-

637 3887 1098 3981 Chaldaice
1148 3892 1446 4001 peritis
1482 3947 1515 3996 ,
1573 3909 1677 3976 ut
1730 3891 2271 4004 paraphrases
2344 3894 2553 3976 istae
2628 3896 2727 3976 in
2796 3890 3210 4011 Vulgatae
3278 3924 3445 3981 no-

635 4038 860 4104 strae
923 4016 1584 4100 illustrationem
1620 4075 1654 4124 ,
1713 4016 1801 4103 ἃ
1865 4022 2347 4135 generatim
2436 4023 2536 4103 in
2630 4018 2951 4105 Christi
3018 4020 3448 4110 Ecclesiae

636 4143 957 4232 cedant
1017 4142 1483 4228 utilitatem
1517 4202 1544 4227 .
1606 4139 1753 4229 Ad
1806 4145 2503 4233 pentateuchum
2575 4142 3214 4232 Samaritanum
3268 4148 3446 4257 jam

638 4272 875 4357 lubet
942 4265 1466 4356 descendere
1500 4329 1531 4376 ,
1592 4273 1691 4356 in
1752 4299 1926 4382 quo
1958 4331 1988 4377 ,
2052 4272 2560 4383 perhibente
2616 4271 3170 4385 Hieronymo
3208 4334 3235 4378 ‚
3269 4276 3444 4360 He-

638 4400 939 4484 braeus
990 4398 1315 4480 Textus
1370 4425 1557 4483 non
1616 4394 1876 4482 modo
1902 4457 1931 4504 ,
1959 4393 2244 4511 quoad
2297 4394 3016 4512 significationem
3040 4457 3069 4504 ,
3133 4428 3440 4487 verum

639 4529 902 4611 etiam
965 4525 1448 4609 litterarum
1503 4524 1807 4640 figuras
1835 4583 1864 4630 ‚
1927 4530 2383 4639 apicesque
2414 4519 2586 4606 fuit
2614 4542 3085 4613 asservatus
3120 4583 3147 4608 .
3209 4529 3446 4639 Quo·

641 4648 900 4738 modo
954 4652 1287 4738 factum
1350 4651 1613 4736 fuerit
1643 4708 1672 4755 ‚
1734 4669 1835 4734 ut
1901 4668 2093 4765 post
2149 4649 2465 4762 duplex
2481 4649 2812 4767 Judaici
2867 4653 3166 4767 populi
3201 4654 3446 4738 schis-

638 4803 781 4860 ma
814 4836 845 4884 ,
907 4778 1200 4896 Regni
1272 4783 1692 4865 nimirum
1756 4837 1788 4881 ‚
1849 4777 1937 4865 ἅ
1999 4777 2479 4892 Religionis
2539 4834 2568 4881 ‚
2626 4775 2959 4870 tamdiu
3043 4785 3441 4891 perstite-

639 4905 755 4985 rit
792 4960 823 5006 ‚
885 4932 1071 4990 non
1123 4903 1373 4990 facile
1428 4905 1914 4991 evolvitur:
1986 4904 2351 4989 Certum
2405 4909 2732 5017 quippe
2798 4924 2926 4990 est
2988 4904 3444 4993 Samarita-

643 5057 803 5116 nos
836 5085 870 5136 ,
921 5030 1424 5149 Jeroboamo
1475 5027 1947 5119 mandante
1996 5089 2029 5138 ,
2090 5030 2350 5118 fiaisse
2411 5029 2931 5120 idololatriae
2988 5027 3368 5134 addictos
3406 5091 3436 5136 ,

2276 5159 2351 5240 E
3350 5155 3439 5244 81
