4913 6618
610 572 931 689 'Aquila
989 577 1406 667 Ponticus
1466 592 1792 692 genere
1824 633 1855 680 ‚
1917 576 2191 686 patria
2248 570 2756 686 Synopaeus
2816 624 2848 673 ,
2932 567 3426 678 imperante

613 701 1007 791 Adriano
1034 764 1064 809 ,
1126 704 1582 790 elaboravit
1615 759 1637 784 .
1668 703 1870 785 Fuit
1903 704 1971 782 is
1999 728 2103 783 ex
2135 696 2470 784 Gentili
2502 696 3039 780 Christianus
3073 748 3104 796 ,
3139 716 3420 803 quum

609 832 1127 919 observasset
1175 827 1587 913 mirabilia
1639 855 1689 910 a
1744 827 2061 912 Christi
2094 821 2529 935 discipulis
2565 838 2946 932 patrata3
3012 814 3160 905 sed
3194 834 3418 928 post·

611 953 974 1043 modum
1027 958 1133 1039 ab
1186 953 1561 1040 Ecclesia
1626 953 1961 1038 avulsus
2022 1008 2053 1053 ‚
2116 968 2568 1062 propterea
2629 942 2865 1057 quod
2921 939 3113 1028 Gen
3127 943 3416 1029 ethlia-

611 1083 739 1167 cis
793 1106 1126 1167 nomen
1194 1075 1498 1180 daret,
1562 1104 1849 1188 neque
1902 1075 2160 1166 vellet
2212 1076 2765 1187 resipiscere.
2829 1069 3419 1183 Quamobrem

558 1201 563 1207 ’
610 1213 739 1296 ira
801 1210 1245 1322 percituS‚
1308 1196 1662 1292 Christo
1697 1205 2325 1290 abrenuntians
2361 1260 2391 1304 ‚
2447 1196 2966 1315 Judaeorum
3025 1196 3422 1309 prosely-

517 1322 525 1332 ’
613 1354 756 1423 tus
818 1329 1290 1442 adscriptus
1334 1326 1587 1414 fuit.
1656 1325 2126 1415 Hebraicae
2204 1328 2552 1442 linguae
2616 1321 3000 1407 sedulam
3084 1347 3417 1408 navans

617 1486 971 1574 operam
1036 1454 1248 1539 adeo
1311 1453 1678 1566 profecit
1733 1509 1764 1557 ‚
1829 1477 1930 1542 ut
1990 1448 2410 1539 Graecam
2498 1478 2603 1535 ex
2679 1449 3071 1532 Hebraeo
3131 1447 3424 1532 Textu

616 1585 1268 1675 translationem
1332 1598 1757 1665 exararet
1819 1585 2021 1697 Quo
2084 1581 2386 1661 animo
2419 1635 2449 1679 ‚
2514 1602 2797 1686 quove
2837 1573 3196 1659 consilio
3226 1594 3418 1659 non

619 1728 752 1798 est
775 1768 808 1814 ‚
869 1704 1103 1821 quod
1152 1707 1535 1817 pluribus
1580 1708 2040 1795 efferatur.
2108 1703 2514 1787 Versioni
2563 1720 2765 1784 Lxx.
2832 1699 3425 1813 Interpretum

619 1836 943 1927 bellum
1003 1828 1401 1914 indicens
1463 1887 1498 1935 ,
1557 1829 2057 1919 testimonia
2115 1826 2539 1943 quaedam
2601 1826 3046 1913 Christum
3113 1826 3423 1909 Domi·

617 1988 845 2049 num
900 1959 1377 2067 spectantia
1414 2012 1445 2060 ‚
1508 1953 1615 2041 acl
1667 1954 1930 2046 alium
1979 1980 2340 2038 sensum
2371 1951 2785 2053 detorsit;
2850 1953 3424 2064 multaqueex

612 2084 1153 2195 inauspicato
1222 2081 1407 2186 ejus
1461 2083 1775 2168 affectu
1846 2078 2155 2170 maluit
2207 2078 2761 2190 interpretari
2796 2132 2821 2157 .
2885 2077 3030 2162 Ab
3068 2104 3172 2161 eo
3202 2076 3426 2162 adul-

613 2227 993 2297 teratum
1043 2205 1303 2289 fuisse
1360 2207 1624 2315 Isaiae
1687 2210 1983 2296 locum
2039 2232 2225 2316 cap.
2254 2224 2414 2295 VII.
2483 2235 2571 2290 v.
2625 2229 2761 2310 14.
2857 2204 3077 2286 Ecce
3147 2205 3422 2321 Virgo

620 2331 1041 2445 concipiet
1077 2387 1106 2429 ,
1175 2331 1586 2442 ponendo
1640 2362 1801 2447 pro
1853 2334 2197 2446 virgine
2274 2329 3000 2414 adolescentulam
3031 2385 3062 2430 ‚
3132 2332 3428 2415 asserit

617 2460 1021 2546 Irenaeus
1069 2457 1212 2538 lib.
1252 2477 1378 2540 111.
1447 2478 1749 2545 contra
1795 2459 2118 2546 haeres.
2187 2485 2374 2569 cap.
2420 2485 2572 2564 24.
2614 2485 2643 2556 ;
2705 2474 2962 2566 atque
2995 2452 3233 2540 illinc
3267 2482 3425 2539 an-

620 2612 805 2672 sam
854 2584 1412 2692 arripuerunt
1488 2584 1930 2670 Ebionitae
2013 2585 2460 2671 Christum
2518 2581 2878 2665 aliorum
2941 2584 3214 2667 instar
3270 2580 3424 2667 ho-

620 2712 970 2798 minum
1041 2711 1437 2821 genitum
1495 2706 2197 2824 blasphemandi.
2264 2708 2350 2792 S.
2398 2707 2923 2821 Epiphanius
2958 2764 2990 2810 ‚
3052 2710 3428 2824 ignomi-

618 2840 823 2923 niae
887 2856 1088 2914 suae
1143 2860 1301 2943 per
1346 2862 1735 2950 graecam
1796 2839 2029 2923 illam
2089 2838 2575 2923 versionem
2613 2858 2951 2946 parasse
2979 2830 3428 2919 absurdam

623 2960 1153 3074 apologiam,
1216 2977 1636 3047 testatur.
1702 2964 2300 3077 Hieronymus
2390 2988 2599 3047 vero
2692 2959 2788 3041 in
2876 2958 3229 3073 epistola
3309 2954 3423 3053 ad

618 3085 1173 3171 pamachium
1235 3090 1873 3191 xxx111.‚alias
1924 3089 2401 3178 centesima
2427 3144 2461 3192 ,
2522 3085 2631 3171 de
2661 3082 2806 3170 illo
2838 3086 2958 3169 sic
2993 3086 3419 3198 loquitur.

624 3209 943 3323 Aquila
1011 3229 1302 3295 autem
1371 3211 1861 3330 proselytus
1886 3272 1916 3322 ‚
1972 3213 2060 3303 ἃ
2123 3218 2718 3300 contentiosus
2749 3216 3177 3328 interpres
3211 3270 3242 3316 ‚
3274 3215 3433 3325 qui

625 3365 813 3424 non
885 3338 1162 3422 solum
1224 3340 1483 3426 verba
1546 3397 1577 3442 ‚
1667 3342 1816 3428 sed
1899 3341 2451 3490 etymologias
2544 3365 2891 3453 quoque
2966 3341 3431 3428 verborum

621 3461 1087 3552 transferre
1155 3481 1517 3550 conatus
1571 3485 1701 3551 est
1732 3525 1763 3570 ‚
1825 3467 2016 3576 jure
2079 3468 2528 3580 projicitur
2560 3497 2609 3553 a
2642 3466 2887 3553 nobis
2922 3523 2987 3571 ‚,
3027 3524 3053 3550 .
3116 3466 3431 3577 Neque

621 3588 888 3675 semel
947 3585 1175 3671 idern
1242 3586 1614 3675 Sanctus
1674 3592 2003 3678 Doctor
2060 3618 2264 3677 eum
2312 3594 2741 3703 improbat
2804 3650 2838 3696 ‚
2900 3617 3432 3705 quamquam

623 3716 813 3824 ejus
866 3709 1251 3798 laudibus
1319 3714 1784 3829 aliquando
1841 3745 2027 3803 non
2088 3715 2306 3802 desit
2362 3773 2384 3797 .
2444 3715 3098 3831 Hieronymum
3157 3717 3433 3804 veluti

623 3841 1101 3955 propitium
1167 3840 1452 3926 solent
1508 3844 1899 3928 exhibere
1932 3902 1966 3948 ‚
2031 3847 2183 3957 qui
2246 3861 2567 3956 putant
2620 3842 3032 3954 Aquilam
3090 3897 3123 3947 ‚
3181 3844 3433 3954 binas

626 3970 1205 4051 concinnasse
1267 3992 1606 4081 graecas
1659 3969 2031 4054 Hebraei
2086 3969 3067 4055 Textus.translationes
3121 4024 3154 4074 ,
3217 3971 3433 4081 quos

627 4095 868 4177 inter
954 4087 1438 4174 Bernardus
1524 4090 2204 4180 Monfauconius
2239 4152 2271 4200 ,
2335 4092 2444 4178 de
2518 4097 2954 4208 republica
3029 4095 3439 4184 litteraria

624 4221 935 4303 eximie
998 4219 1355 4299 meritus
1394 4276 1427 4322 ‚
1485 4220 1579 4302 in
1651 4246 1881 4305 nova
1947 4217 2334 4304 editione
2391 4216 2500 4302 de
2530 4222 2937 4335 Hexaplis
2969 4221 3433 4337 origenis,

624 4342 847 4428 Elias
921 4340 1349 4453 Dupinius
1415 4346 1512 4425 in
1563 4343 2209 4462 prolegomenis
2299 4342 2777 4432 Bibliorum
2833 4404 2866 4452 ,
2948 4345 3431 4433 cardinalis

620 4465 937 4570 Geni,
999 4470 1310 4579 aliique
1345 4524 1367 4548 .
1434 4468 1850 4555 Bernardi
1913 4472 2198 4585 Lamy
2274 4469 2539 4558 hacce
2628 4477 2728 4557 in
2808 4501 2904 4558 re
3002 4474 3432 4558 malumus

629 4619 814 4678 esse
874 4590 1359 4706 pedissequi
1387 4651 1417 4696 ‚
1470 4591 1754 4678 dum
1733 4625 1829 4680 m
1890 4594 2216 4710 Appar.
2285 4596 2503 4682 Bibl.
2578 4599 2723 4683 lib.
2757 4619 2852 4681 11.
2909 4626 3099 4710 cap.
3138 4618 3226 4683 Χ.
3295 4601 3429 4684 in·

631 4722 888 4830 quit.
954 4719 1135 4839 Ego
1199 4745 1404 4807 vero
1468 4724 1825 4805 unicam
1884 4726 2357 4837 suspicatus
2406 4749 2682 4810 essem
2717 4783 2748 4828 ‚
2810 4754 3032 4838 quae
3063 4721 3291 4812 dicta
3322 4729 3437 4812 sit

633 4838 1018 4948 secunda
1086 4873 1242 4957 per
1310 4866 1802 4955 respectum
1864 4844 1971 4931 ad
2035 4853 2477 4963 primam,
2535 4850 2852 4936 factam
2906 4881 2956 4938 a
3011 4868 3216 4936 Lxx.
3278 4851 3433 4936 In·-

635 4971 1157 5096 terpretibus
1190 5028 1229 5084 ‚
1280 4969 1371 5062 ἃ
1431 4999 1654 5089 quae
1717 4968 2045 5068 dicatur
2103 4973 2329 5071 facta
2379 4983 2546 5063 κατ’
2601 4973 2955 5102 ἀκρίβειαν
2983 5035 3018 5091 ,
3078 5005 3237 5093 per
3304 5003 3437 5063 re

2929 5149 2932 5164 ·
3252 5125 3448 5218 spe·
