<?xml version="1.0" encoding="UTF-8"?>
<!DOCTYPE html PUBLIC "-//W3C//DTD XHTML 1.0 Transitional//EN"
    "http://www.w3.org/TR/xhtml1/DTD/xhtml1-transitional.dtd">
<html xmlns="http://www.w3.org/1999/xhtml" xml:lang="en" lang="en">
 <head>
  <title>
</title>
<meta http-equiv="Content-Type" content="text/html;charset=utf-8" />
  <meta name='ocr-system' content='tesseract 3.04.00' />
  <meta name='ocr-capabilities' content='ocr_page ocr_carea ocr_par ocr_line ocrx_word'/>
</head>
<body>
  <div class='ocr_page' id='page_1' title='image "./deagiographiapr00caragoog_0044.png"; bbox 0 0 4913 6618; ppageno 0'>
   <div class='ocr_carea' id='block_1_1' title="bbox 1430 581 4376 5208">
    <p class='ocr_par' dir='ltr' id='par_1_1' title="bbox 1430 581 4376 5208">
     <span class='ocr_line' id='line_1_1' title="bbox 1575 581 1625 640; baseline 0 0"><span class='ocrx_word' id='word_1_1' title='bbox 1575 581 1625 640; x_wconf 87' lang='lat'>2</span> 
     </span>
     <span class='ocr_line' id='line_1_2' title="bbox 1505 586 4316 804; baseline 0.005 -41"><span class='ocrx_word' id='word_1_2' title='bbox 1505 586 1694 766; x_wconf 25' lang='lat' dir='ltr'><strong>idem</strong></span> <span class='ocrx_word' id='word_1_3' title='bbox 1739 667 2247 771; x_wconf 86' lang='lat' dir='ltr'><strong>accedentes</strong></span> <span class='ocrx_word' id='word_1_4' title='bbox 2301 669 2829 769; x_wconf 78' lang='lat' dir='ltr'>advertimus</span> <span class='ocrx_word' id='word_1_5' title='bbox 2864 733 2926 804; x_wconf 32' lang='lat'><strong>9-</strong></span> <span class='ocrx_word' id='word_1_6' title='bbox 2955 678 3393 795; x_wconf 81' lang='lat' dir='ltr'><strong>triplicem</strong></span> <span class='ocrx_word' id='word_1_7' title='bbox 3417 699 3598 766; x_wconf 87' lang='lat' dir='ltr'><strong>esse</strong></span> <span class='ocrx_word' id='word_1_8' title='bbox 3630 676 3858 797; x_wconf 87' lang='lat' dir='ltr'><strong>apud</strong></span> <span class='ocrx_word' id='word_1_9' title='bbox 3880 674 4316 777; x_wconf 78' lang='lat' dir='ltr'><strong>Hebraeos</strong></span> 
     </span>
     <span class='ocr_line' id='line_1_3' title="bbox 1503 803 4361 919; baseline 0.005 -29"><span class='ocrx_word' id='word_1_10' title='bbox 1503 803 1960 917; x_wconf 85' lang='lat' dir='ltr'><strong>Sacrorum</strong></span> <span class='ocrx_word' id='word_1_11' title='bbox 2021 806 2487 893; x_wconf 85' lang='lat' dir='ltr'><strong>Librorum</strong></span> <span class='ocrx_word' id='word_1_12' title='bbox 2557 805 3254 894; x_wconf 83' lang='lat' dir='ltr'>distributionem</span> <span class='ocrx_word' id='word_1_13' title='bbox 3319 864 3354 914; x_wconf 86' lang='lat'><strong>,</strong></span> <span class='ocrx_word' id='word_1_14' title='bbox 3448 814 3871 897; x_wconf 90' lang='lat' dir='ltr'><strong>nimirum</strong></span> <span class='ocrx_word' id='word_1_15' title='bbox 3927 816 4022 898; x_wconf 92' lang='lat' dir='ltr'><strong>in</strong></span> <span class='ocrx_word' id='word_1_16' title='bbox 4091 812 4361 919; x_wconf 69' lang='lat' dir='ltr'><strong>pen-‚</strong></span> 
     </span>
     <span class='ocr_line' id='line_1_4' title="bbox 1505 930 4311 1056; baseline 0.003 -40"><span class='ocrx_word' id='word_1_17' title='bbox 1505 933 2007 1021; x_wconf 86' lang='lat' dir='ltr'><strong>tateuchum</strong></span> <span class='ocrx_word' id='word_1_18' title='bbox 2042 988 2075 1037; x_wconf 84' lang='lat'><strong>,</strong></span> <span class='ocrx_word' id='word_1_19' title='bbox 2137 958 2289 1015; x_wconf 90' lang='lat' dir='ltr'><strong>seu</strong></span> <span class='ocrx_word' id='word_1_20' title='bbox 2351 931 2682 1049; x_wconf 84' lang='lat' dir='ltr'>Legem</span> <span class='ocrx_word' id='word_1_21' title='bbox 2715 989 2750 1040; x_wconf 85' lang='lat'>‚</span> <span class='ocrx_word' id='word_1_22' title='bbox 2806 934 2903 1015; x_wconf 89' lang='lat' dir='ltr'><strong>in</strong></span> <span class='ocrx_word' id='word_1_23' title='bbox 2961 930 3423 1045; x_wconf 85' lang='lat' dir='ltr'><strong>Prophetas</strong></span> <span class='ocrx_word' id='word_1_24' title='bbox 3456 992 3489 1040; x_wconf 88' lang='lat'>,</span> <span class='ocrx_word' id='word_1_25' title='bbox 3548 933 3637 1021; x_wconf 72' lang='grc' dir='ltr'>ἃ</span> <span class='ocrx_word' id='word_1_26' title='bbox 3667 934 4249 1056; x_wconf 84' lang='lat' dir='ltr'><strong>Agiographos</strong></span> <span class='ocrx_word' id='word_1_27' title='bbox 4281 994 4311 1025; x_wconf 74' lang='lat'><em>0</em></span> 
     </span>
     <span class='ocr_line' id='line_1_5' title="bbox 1504 1053 4315 1180; baseline 0.002 -37"><span class='ocrx_word' id='word_1_28' title='bbox 1504 1053 1649 1143; x_wconf 86' lang='lat' dir='ltr'><strong>Ad</strong></span> <span class='ocrx_word' id='word_1_29' title='bbox 1704 1057 2253 1171; x_wconf 87' lang='lat' dir='ltr'><strong>propheticos</strong></span> <span class='ocrx_word' id='word_1_30' title='bbox 2309 1057 2701 1144; x_wconf 86' lang='lat' dir='ltr'><strong>referunt</strong></span> <span class='ocrx_word' id='word_1_31' title='bbox 2762 1058 3018 1144; x_wconf 88' lang='lat' dir='ltr'><strong>libros</strong></span> <span class='ocrx_word' id='word_1_32' title='bbox 3063 1059 3321 1176; x_wconf 87' lang='lat' dir='ltr'><strong>Josuc</strong></span> <span class='ocrx_word' id='word_1_33' title='bbox 3362 1120 3389 1164; x_wconf 84' lang='lat'>‚</span> <span class='ocrx_word' id='word_1_34' title='bbox 3416 1057 3823 1177; x_wconf 88' lang='lat' dir='ltr'><strong>Judicum</strong></span> <span class='ocrx_word' id='word_1_35' title='bbox 3856 1119 3887 1166; x_wconf 84' lang='lat'>‚</span> <span class='ocrx_word' id='word_1_36' title='bbox 3908 1062 4255 1180; x_wconf 86' lang='lat' dir='ltr'>Regum</span> <span class='ocrx_word' id='word_1_37' title='bbox 4277 1119 4315 1171; x_wconf 84' lang='grc'><em>,</em></span> 
     </span>
     <span class='ocr_line' id='line_1_6' title="bbox 1501 1182 4314 1302; baseline 0.002 -34"><span class='ocrx_word' id='word_1_38' title='bbox 1501 1187 1776 1269; x_wconf 87' lang='lat' dir='ltr'><strong>trium</strong></span> <span class='ocrx_word' id='word_1_39' title='bbox 1826 1182 2449 1297; x_wconf 86' lang='lat' dir='ltr'><strong>Prophetarum</strong></span> <span class='ocrx_word' id='word_1_40' title='bbox 2496 1185 2924 1294; x_wconf 81' lang='lat' dir='ltr'><strong>majorum</strong></span> <span class='ocrx_word' id='word_1_41' title='bbox 2961 1243 2992 1290; x_wconf 85' lang='lat'><strong>,</strong></span> <span class='ocrx_word' id='word_1_42' title='bbox 3056 1183 3514 1272; x_wconf 85' lang='lat' dir='ltr'>duodecim</span> <span class='ocrx_word' id='word_1_43' title='bbox 3559 1191 4007 1274; x_wconf 90' lang='lat' dir='ltr'><strong>minorum</strong></span> <span class='ocrx_word' id='word_1_44' title='bbox 4039 1246 4074 1297; x_wconf 85' lang='lat'>‚</span> <span class='ocrx_word' id='word_1_45' title='bbox 4105 1215 4314 1302; x_wconf 91' lang='lat' dir='ltr'><strong>qua·</strong></span> 
     </span>
     <span class='ocr_line' id='line_1_7' title="bbox 1505 1310 4317 1426; baseline 0.001 -31"><span class='ocrx_word' id='word_1_46' title='bbox 1505 1325 1769 1395; x_wconf 81' lang='lat' dir='ltr'><strong>tenus</strong></span> <span class='ocrx_word' id='word_1_47' title='bbox 1816 1337 1866 1394; x_wconf 90' lang='lat' dir='ltr'><strong>a</strong></span> <span class='ocrx_word' id='word_1_48' title='bbox 1912 1311 2117 1398; x_wconf 90' lang='lat' dir='ltr'><strong>viris</strong></span> <span class='ocrx_word' id='word_1_49' title='bbox 2166 1311 2469 1420; x_wconf 88' lang='lat' dir='ltr'><strong>scripti</strong></span> <span class='ocrx_word' id='word_1_50' title='bbox 2529 1328 2741 1398; x_wconf 89' lang='lat' dir='ltr'><strong>sunt</strong></span> <span class='ocrx_word' id='word_1_51' title='bbox 2775 1366 2810 1415; x_wconf 80' lang='lat'><strong>,</strong></span> <span class='ocrx_word' id='word_1_52' title='bbox 2869 1313 3159 1421; x_wconf 84' lang='lat' dir='ltr'><strong>quiex</strong></span> <span class='ocrx_word' id='word_1_53' title='bbox 3188 1310 3478 1399; x_wconf 87' lang='lat' dir='ltr'><strong>officio</strong></span> <span class='ocrx_word' id='word_1_54' title='bbox 3511 1372 3544 1419; x_wconf 87' lang='grc'>,</span> <span class='ocrx_word' id='word_1_55' title='bbox 3604 1310 4117 1426; x_wconf 85' lang='lat' dir='ltr'><strong>prophetico</strong></span> <span class='ocrx_word' id='word_1_56' title='bbox 4150 1316 4317 1399; x_wconf 88' lang='lat' dir='ltr'><strong>mi·</strong></span> 
     </span>
     <span class='ocr_line' id='line_1_8' title="bbox 1506 1434 4315 1552; baseline 0.001 -30"><span class='ocrx_word' id='word_1_57' title='bbox 1506 1439 1869 1523; x_wconf 89' lang='lat' dir='ltr'><strong>nisterio</strong></span> <span class='ocrx_word' id='word_1_58' title='bbox 1914 1435 2505 1550; x_wconf 84' lang='lat' dir='ltr'><strong>fungebantur</strong></span> <span class='ocrx_word' id='word_1_59' title='bbox 2539 1492 2570 1539; x_wconf 85' lang='lat'><strong>,</strong></span> <span class='ocrx_word' id='word_1_60' title='bbox 2631 1434 2836 1520; x_wconf 90' lang='lat' dir='ltr'><strong>licet</strong></span> <span class='ocrx_word' id='word_1_61' title='bbox 2865 1440 3181 1548; x_wconf 87' lang='lat' dir='ltr'><strong>partim</strong></span> <span class='ocrx_word' id='word_1_62' title='bbox 3204 1438 3645 1523; x_wconf 90' lang='lat' dir='ltr'><strong>historicos</strong></span> <span class='ocrx_word' id='word_1_63' title='bbox 3680 1494 3711 1542; x_wconf 83' lang='lat'>‚</span> <span class='ocrx_word' id='word_1_64' title='bbox 3774 1445 4087 1550; x_wconf 86' lang='lat' dir='ltr'><strong>partim</strong></span> <span class='ocrx_word' id='word_1_65' title='bbox 4117 1466 4315 1552; x_wconf 83' lang='lat' dir='ltr'><strong>pro·</strong></span> 
     </span>
     <span class='ocr_line' id='line_1_9' title="bbox 1505 1558 4314 1678; baseline 0.001 -32"><span class='ocrx_word' id='word_1_66' title='bbox 1505 1560 1891 1675; x_wconf 85' lang='lat' dir='ltr'><strong>pheticos</strong></span> <span class='ocrx_word' id='word_1_67' title='bbox 1955 1586 2137 1646; x_wconf 89' lang='lat' dir='ltr'><strong>esse</strong></span> <span class='ocrx_word' id='word_1_68' title='bbox 2175 1616 2209 1667; x_wconf 84' lang='lat'><strong>,</strong></span> <span class='ocrx_word' id='word_1_69' title='bbox 2269 1558 2597 1672; x_wconf 89' lang='lat' dir='ltr'><strong>liquido</strong></span> <span class='ocrx_word' id='word_1_70' title='bbox 2647 1580 2933 1672; x_wconf 88' lang='lat' dir='ltr'><strong>pateat</strong></span> <span class='ocrx_word' id='word_1_71' title='bbox 2991 1621 3016 1646; x_wconf 88' lang='lat'><strong>.</strong></span> <span class='ocrx_word' id='word_1_72' title='bbox 3115 1562 3358 1647; x_wconf 90' lang='lat' dir='ltr'><strong>Inter</strong></span> <span class='ocrx_word' id='word_1_73' title='bbox 3418 1565 3960 1678; x_wconf 82' lang='lat' dir='ltr'>agiographos</span> <span class='ocrx_word' id='word_1_74' title='bbox 4011 1589 4314 1652; x_wconf 87' lang='lat' dir='ltr'><strong>recen·</strong></span> 
     </span>
     <span class='ocr_line' id='line_1_10' title="bbox 1500 1685 4313 1804; baseline 0 -31"><span class='ocrx_word' id='word_1_75' title='bbox 1500 1703 1705 1773; x_wconf 89' lang='lat' dir='ltr'><strong>sent</strong></span> <span class='ocrx_word' id='word_1_76' title='bbox 1759 1687 1915 1804; x_wconf 92' lang='lat' dir='ltr'><strong>Job</strong></span> <span class='ocrx_word' id='word_1_77' title='bbox 1940 1742 1974 1791; x_wconf 83' lang='lat'>‚</span> <span class='ocrx_word' id='word_1_78' title='bbox 2029 1686 2532 1771; x_wconf 79' lang='lat' dir='ltr'><strong>psalterium</strong></span> <span class='ocrx_word' id='word_1_79' title='bbox 2569 1741 2596 1788; x_wconf 87' lang='lat'><strong>‚</strong></span> <span class='ocrx_word' id='word_1_80' title='bbox 2624 1686 2875 1771; x_wconf 89' lang='lat' dir='ltr'><strong>libros</strong></span> <span class='ocrx_word' id='word_1_81' title='bbox 2901 1687 3379 1774; x_wconf 84' lang='lat' dir='ltr'><strong>Salomonis</strong></span> <span class='ocrx_word' id='word_1_82' title='bbox 3411 1745 3442 1792; x_wconf 85' lang='lat'>‚</span> <span class='ocrx_word' id='word_1_83' title='bbox 3477 1685 3865 1776; x_wconf 84' lang='lat' dir='ltr'><strong>Danielis</strong></span> <span class='ocrx_word' id='word_1_84' title='bbox 3896 1747 3929 1795; x_wconf 86' lang='lat'>,</span> <span class='ocrx_word' id='word_1_85' title='bbox 3962 1689 4313 1796; x_wconf 82' lang='lat' dir='ltr'><strong>Esther,</strong></span> 
     </span>
     <span class='ocr_line' id='line_1_11' title="bbox 1508 1811 4313 1929; baseline 0 -27"><span class='ocrx_word' id='word_1_86' title='bbox 1508 1811 1597 1902; x_wconf 73' lang='grc' dir='ltr'>ἃ</span> <span class='ocrx_word' id='word_1_87' title='bbox 1649 1811 1892 1900; x_wconf 88' lang='lat' dir='ltr'><strong>Ruth</strong></span> <span class='ocrx_word' id='word_1_88' title='bbox 1924 1868 1958 1917; x_wconf 81' lang='lat'>‚</span> <span class='ocrx_word' id='word_1_89' title='bbox 2019 1815 2174 1926; x_wconf 91' lang='lat' dir='ltr'><strong>qui</strong></span> <span class='ocrx_word' id='word_1_90' title='bbox 2211 1814 2372 1896; x_wconf 90' lang='lat' dir='ltr'><strong>etsi</strong></span> <span class='ocrx_word' id='word_1_91' title='bbox 2413 1811 2684 1897; x_wconf 90' lang='lat' dir='ltr'><strong>multa</strong></span> <span class='ocrx_word' id='word_1_92' title='bbox 2707 1816 3990 1929; x_wconf 80' lang='lat' dir='ltr'><strong>prophetica‘complectantur,</strong></span> <span class='ocrx_word' id='word_1_93' title='bbox 4013 1834 4313 1902; x_wconf 86' lang='lat' dir='ltr'><strong>tamen</strong></span> 
     </span>
     <span class='ocr_line' id='line_1_12' title="bbox 1506 1938 4310 2053; baseline 0.001 -30"><span class='ocrx_word' id='word_1_94' title='bbox 1506 1964 1816 2049; x_wconf 82' lang='lat' dir='ltr'><strong>eorum</strong></span> <span class='ocrx_word' id='word_1_95' title='bbox 1878 1940 2268 2025; x_wconf 86' lang='lat' dir='ltr'><strong>authores</strong></span> <span class='ocrx_word' id='word_1_96' title='bbox 2319 1964 2422 2023; x_wconf 84' lang='lat' dir='ltr'><strong>ex</strong></span> <span class='ocrx_word' id='word_1_97' title='bbox 2471 1942 3006 2027; x_wconf 88' lang='lat' dir='ltr'><strong>ministeriali</strong></span> <span class='ocrx_word' id='word_1_98' title='bbox 3066 1941 3574 2053; x_wconf 88' lang='lat' dir='ltr'><strong>prophetico</strong></span> <span class='ocrx_word' id='word_1_99' title='bbox 3617 1938 3906 2028; x_wconf 87' lang='lat' dir='ltr'><strong>officio</strong></span> <span class='ocrx_word' id='word_1_100' title='bbox 3938 1968 4084 2026; x_wconf 89' lang='lat' dir='ltr'><strong>eos</strong></span> <span class='ocrx_word' id='word_1_101' title='bbox 4122 1966 4310 2027; x_wconf 90' lang='lat' dir='ltr'><strong>non</strong></span> 
     </span>
     <span class='ocr_line' id='line_1_13' title="bbox 1508 2060 4315 2180; baseline 0.002 -33"><span class='ocrx_word' id='word_1_102' title='bbox 1508 2060 2034 2179; x_wconf 88' lang='lat' dir='ltr'><strong>descripsere</strong></span> <span class='ocrx_word' id='word_1_103' title='bbox 2069 2121 2102 2170; x_wconf 84' lang='lat'><strong>,</strong></span> <span class='ocrx_word' id='word_1_104' title='bbox 2161 2061 2541 2148; x_wconf 87' lang='lat' dir='ltr'><strong>adinstar</strong></span> <span class='ocrx_word' id='word_1_105' title='bbox 2603 2065 2994 2174; x_wconf 81' lang='lat' dir='ltr'><strong>illorum,</strong></span> <span class='ocrx_word' id='word_1_106' title='bbox 3058 2071 3210 2180; x_wconf 91' lang='lat' dir='ltr'><strong>qui</strong></span> <span class='ocrx_word' id='word_1_107' title='bbox 3273 2070 3512 2149; x_wconf 88' lang='lat' dir='ltr'><strong>missi</strong></span> <span class='ocrx_word' id='word_1_108' title='bbox 3572 2095 3622 2148; x_wconf 91' lang='lat' dir='ltr'><strong>a</strong></span> <span class='ocrx_word' id='word_1_109' title='bbox 3685 2065 4070 2151; x_wconf 92' lang='lat' dir='ltr'><strong>Domino</strong></span> <span class='ocrx_word' id='word_1_110' title='bbox 4116 2066 4315 2153; x_wconf 86' lang='lat' dir='ltr'><strong>fue-</strong></span> 
     </span>
     <span class='ocr_line' id='line_1_14' title="bbox 1507 2191 4312 2304; baseline 0.002 -32"><span class='ocrx_word' id='word_1_111' title='bbox 1507 2207 1772 2295; x_wconf 81' lang='lat' dir='ltr'><strong>rant,</strong></span> <span class='ocrx_word' id='word_1_112' title='bbox 1838 2209 1941 2275; x_wconf 92' lang='lat' dir='ltr'><strong>ut</strong></span> <span class='ocrx_word' id='word_1_113' title='bbox 1993 2193 2363 2275; x_wconf 89' lang='lat' dir='ltr'><strong>nomine</strong></span> <span class='ocrx_word' id='word_1_114' title='bbox 2427 2191 2612 2298; x_wconf 87' lang='lat' dir='ltr'><strong>ejus</strong></span> <span class='ocrx_word' id='word_1_115' title='bbox 2677 2194 3094 2304; x_wconf 89' lang='lat' dir='ltr'><strong>populum</strong></span> <span class='ocrx_word' id='word_1_116' title='bbox 3141 2194 3784 2303; x_wconf 86' lang='lat' dir='ltr'><strong>alloquerentur</strong></span> <span class='ocrx_word' id='word_1_117' title='bbox 3844 2249 3867 2273; x_wconf 87' lang='lat'><strong>.</strong></span> <span class='ocrx_word' id='word_1_118' title='bbox 3935 2191 4151 2277; x_wconf 91' lang='lat' dir='ltr'><strong>Tres</strong></span> <span class='ocrx_word' id='word_1_119' title='bbox 4208 2196 4312 2278; x_wconf 88' lang='lat' dir='ltr'><strong>in</strong></span> 
     </span>
     <span class='ocr_line' id='line_1_15' title="bbox 1509 2314 4317 2430; baseline 0 -29"><span class='ocrx_word' id='word_1_120' title='bbox 1509 2316 1697 2402; x_wconf 86' lang='lat' dir='ltr'><strong>illos</strong></span> <span class='ocrx_word' id='word_1_121' title='bbox 1753 2317 2009 2401; x_wconf 88' lang='lat' dir='ltr'><strong>libros</strong></span> <span class='ocrx_word' id='word_1_122' title='bbox 2072 2372 2110 2419; x_wconf 70' lang='lat'>9</span> <span class='ocrx_word' id='word_1_123' title='bbox 2168 2314 2405 2425; x_wconf 82' lang='lat' dir='ltr'><strong>juxta</strong></span> <span class='ocrx_word' id='word_1_124' title='bbox 2456 2317 2886 2427; x_wconf 87' lang='lat' dir='ltr'><strong>triplicem</strong></span> <span class='ocrx_word' id='word_1_125' title='bbox 2946 2320 3295 2405; x_wconf 84' lang='lat' dir='ltr'><strong>classem</strong></span> <span class='ocrx_word' id='word_1_126' title='bbox 3362 2374 3393 2421; x_wconf 84' lang='lat'><strong>,</strong></span> <span class='ocrx_word' id='word_1_127' title='bbox 3455 2318 4001 2430; x_wconf 77' lang='lat' dir='ltr'><strong>paraphrases</strong></span> <span class='ocrx_word' id='word_1_128' title='bbox 4064 2317 4317 2402; x_wconf 90' lang='lat' dir='ltr'><strong>Chal-</strong></span> 
     </span>
     <span class='ocr_line' id='line_1_16' title="bbox 1508 2437 4315 2559; baseline 0.001 -33"><span class='ocrx_word' id='word_1_129' title='bbox 1508 2437 1800 2530; x_wconf 87' lang='lat' dir='ltr'><strong>daicae</strong></span> <span class='ocrx_word' id='word_1_130' title='bbox 1846 2437 2239 2555; x_wconf 88' lang='lat' dir='ltr'><strong>prodiere</strong></span> <span class='ocrx_word' id='word_1_131' title='bbox 2270 2498 2301 2546; x_wconf 83' lang='grc'>,</span> <span class='ocrx_word' id='word_1_132' title='bbox 2365 2468 2575 2552; x_wconf 89' lang='lat' dir='ltr'><strong>quas</strong></span> <span class='ocrx_word' id='word_1_133' title='bbox 2632 2470 2681 2526; x_wconf 92' lang='lat' dir='ltr'><strong>a</strong></span> <span class='ocrx_word' id='word_1_134' title='bbox 2728 2443 3183 2531; x_wconf 89' lang='lat' dir='ltr'><strong>Chaldaico</strong></span> <span class='ocrx_word' id='word_1_135' title='bbox 3237 2448 3601 2528; x_wconf 88' lang='lat' dir='ltr'><strong>nomine</strong></span> <span class='ocrx_word' id='word_1_136' title='bbox 3666 2445 4051 2559; x_wconf 54' lang='lat' dir='ltr'><strong>Tar-‘qum</strong></span> <span class='ocrx_word' id='word_1_137' title='bbox 4087 2499 4120 2546; x_wconf 88' lang='grc'>,</span> <span class='ocrx_word' id='word_1_138' title='bbox 4146 2444 4315 2533; x_wconf 86' lang='lat' dir='ltr'><strong>hoc</strong></span> 
     </span>
     <span class='ocr_line' id='line_1_17' title="bbox 1507 2567 4308 2688; baseline 0.001 -37"><span class='ocrx_word' id='word_1_139' title='bbox 1507 2584 1641 2652; x_wconf 84' lang='lat' dir='ltr'><strong>est</strong></span> <span class='ocrx_word' id='word_1_140' title='bbox 1706 2569 2305 2685; x_wconf 81' lang='lat' dir='ltr'><strong>interpretatio</strong></span> <span class='ocrx_word' id='word_1_141' title='bbox 2333 2624 2362 2671; x_wconf 83' lang='lat'><strong>,</strong></span> <span class='ocrx_word' id='word_1_142' title='bbox 2424 2568 2727 2679; x_wconf 86' lang='lat' dir='ltr'><strong>plurali</strong></span> <span class='ocrx_word' id='word_1_143' title='bbox 2775 2598 3142 2656; x_wconf 89' lang='lat' dir='ltr'><strong>numero</strong></span> <span class='ocrx_word' id='word_1_144' title='bbox 3178 2571 3658 2688; x_wconf 63' lang='lat' dir='ltr'><strong>Targumin</strong></span> <span class='ocrx_word' id='word_1_145' title='bbox 3718 2567 4308 2680; x_wconf 83' lang='lat' dir='ltr'><strong>appellarunt.</strong></span> 
     </span>
     <span class='ocr_line' id='line_1_18' title="bbox 1507 2688 4318 2810; baseline -0.001 -27"><span class='ocrx_word' id='word_1_146' title='bbox 1507 2692 1907 2783; x_wconf 82' lang='lat' dir='ltr'><strong>Onkelos</strong></span> <span class='ocrx_word' id='word_1_147' title='bbox 1966 2693 2070 2776; x_wconf 84' lang='lat' dir='ltr'><strong>ab</strong></span> <span class='ocrx_word' id='word_1_148' title='bbox 2116 2690 2451 2810; x_wconf 87' lang='lat' dir='ltr'><strong>Judaeis</strong></span> <span class='ocrx_word' id='word_1_149' title='bbox 2505 2688 2885 2780; x_wconf 87' lang='lat' dir='ltr'><strong>creditur</strong></span> <span class='ocrx_word' id='word_1_150' title='bbox 2933 2700 3259 2808; x_wconf 89' lang='lat' dir='ltr'><strong>primus</strong></span> <span class='ocrx_word' id='word_1_151' title='bbox 3323 2694 3840 2806; x_wconf 85' lang='lat' dir='ltr'><strong>paraphrasis</strong></span> <span class='ocrx_word' id='word_1_152' title='bbox 3874 2691 4318 2781; x_wconf 82' lang='lat' dir='ltr'><strong>chaldaeae</strong></span> 
     </span>
     <span class='ocr_line' id='line_1_19' title="bbox 1504 2816 4311 2939; baseline 0.001 -36"><span class='ocrx_word' id='word_1_153' title='bbox 1504 2823 1604 2903; x_wconf 88' lang='lat' dir='ltr'><strong>in</strong></span> <span class='ocrx_word' id='word_1_154' title='bbox 1642 2819 2330 2905; x_wconf 74' lang='lat' dir='ltr'><strong>pentateuchum</strong></span> <span class='ocrx_word' id='word_1_155' title='bbox 2362 2837 2660 2905; x_wconf 85' lang='lat' dir='ltr'><strong>auctor</strong></span> <span class='ocrx_word' id='word_1_156' title='bbox 2691 2878 2722 2926; x_wconf 83' lang='grc'>,</span> <span class='ocrx_word' id='word_1_157' title='bbox 2782 2822 2869 2908; x_wconf 75' lang='grc'><strong>8(</strong></span> <span class='ocrx_word' id='word_1_158' title='bbox 2902 2826 3198 2939; x_wconf 83' lang='lat' dir='ltr'><strong>magni</strong></span> <span class='ocrx_word' id='word_1_159' title='bbox 3235 2821 3561 2905; x_wconf 89' lang='lat' dir='ltr'><strong>Hillelis</strong></span> <span class='ocrx_word' id='word_1_160' title='bbox 3594 2816 4056 2931; x_wconf 90' lang='lat' dir='ltr'><strong>discipulus</strong></span> <span class='ocrx_word' id='word_1_161' title='bbox 4092 2879 4123 2924; x_wconf 84' lang='lat'>‚</span> <span class='ocrx_word' id='word_1_162' title='bbox 4157 2820 4311 2931; x_wconf 85' lang='lat' dir='ltr'><strong>qui</strong></span> 
     </span>
     <span class='ocr_line' id='line_1_20' title="bbox 1506 2944 4317 3058; baseline 0.001 -28"><span class='ocrx_word' id='word_1_163' title='bbox 1506 2946 1804 3030; x_wconf 85' lang='lat' dir='ltr'><strong>multis</strong></span> <span class='ocrx_word' id='word_1_164' title='bbox 1874 2962 2084 3031; x_wconf 91' lang='lat' dir='ltr'><strong>ante</strong></span> <span class='ocrx_word' id='word_1_165' title='bbox 2172 2944 2611 3030; x_wconf 87' lang='lat' dir='ltr'><strong>Christum</strong></span> <span class='ocrx_word' id='word_1_166' title='bbox 2676 2950 2930 3030; x_wconf 91' lang='lat' dir='ltr'><strong>annis</strong></span> <span class='ocrx_word' id='word_1_167' title='bbox 2992 2945 3286 3034; x_wconf 88' lang='lat' dir='ltr'><strong>floruit</strong></span> <span class='ocrx_word' id='word_1_168' title='bbox 3349 3002 3382 3051; x_wconf 83' lang='lat'><strong>,</strong></span> <span class='ocrx_word' id='word_1_169' title='bbox 3476 2947 3799 3058; x_wconf 87' lang='lat' dir='ltr'><strong>quique</strong></span> <span class='ocrx_word' id='word_1_170' title='bbox 3861 2972 4317 3056; x_wconf 86' lang='lat' dir='ltr'><strong>perperam</strong></span> 
     </span>
     <span class='ocr_line' id='line_1_21' title="bbox 1505 3064 4313 3186; baseline -0 -31"><span class='ocrx_word' id='word_1_171' title='bbox 1505 3098 1557 3155; x_wconf 89' lang='lat' dir='ltr'><strong>a</strong></span> <span class='ocrx_word' id='word_1_172' title='bbox 1621 3071 2070 3161; x_wconf 84' lang='lat' dir='ltr'><strong>nonnullis</strong></span> <span class='ocrx_word' id='word_1_173' title='bbox 2133 3068 2709 3158; x_wconf 75' lang='lat' dir='ltr'><strong>confunditur</strong></span> <span class='ocrx_word' id='word_1_174' title='bbox 2742 3130 2772 3178; x_wconf 83' lang='lat'>‚</span> <span class='ocrx_word' id='word_1_175' title='bbox 2832 3078 2945 3158; x_wconf 89' lang='lat' dir='ltr'><strong>ob</strong></span> <span class='ocrx_word' id='word_1_176' title='bbox 3008 3075 3377 3186; x_wconf 91' lang='lat' dir='ltr'><strong>aliquam</strong></span> <span class='ocrx_word' id='word_1_177' title='bbox 3426 3074 3813 3157; x_wconf 91' lang='lat' dir='ltr'><strong>nominis</strong></span> <span class='ocrx_word' id='word_1_178' title='bbox 3888 3064 4313 3180; x_wconf 71' lang='grc' dir='ltr'><em>ομιότηθη,</em></span> 
     </span>
     <span class='ocr_line' id='line_1_22' title="bbox 1430 3195 4306 3311; baseline 0 -28"><span class='ocrx_word' id='word_1_179' title='bbox 1430 3276 1439 3283; x_wconf 89' lang='grc'><em>.</em></span> <span class='ocrx_word' id='word_1_180' title='bbox 1503 3221 1712 3282; x_wconf 86' lang='lat' dir='ltr'><strong>cum</strong></span> <span class='ocrx_word' id='word_1_181' title='bbox 1772 3196 2084 3311; x_wconf 88' lang='lat' dir='ltr'><strong>Aquila</strong></span> <span class='ocrx_word' id='word_1_182' title='bbox 2135 3198 2505 3282; x_wconf 89' lang='lat' dir='ltr'><strong>pontico</strong></span> <span class='ocrx_word' id='word_1_183' title='bbox 2541 3255 2571 3303; x_wconf 84' lang='lat'>‚</span> <span class='ocrx_word' id='word_1_184' title='bbox 2635 3200 2788 3309; x_wconf 91' lang='lat' dir='ltr'><strong>qui</strong></span> <span class='ocrx_word' id='word_1_185' title='bbox 2837 3195 3225 3285; x_wconf 88' lang='lat' dir='ltr'><strong>secundo</strong></span> <span class='ocrx_word' id='word_1_186' title='bbox 3279 3196 3699 3285; x_wconf 89' lang='lat' dir='ltr'><strong>Ecclesiae</strong></span> <span class='ocrx_word' id='word_1_187' title='bbox 3746 3196 4078 3281; x_wconf 87' lang='lat' dir='ltr'><strong>saeculo</strong></span> <span class='ocrx_word' id='word_1_188' title='bbox 4133 3195 4306 3283; x_wconf 87' lang='lat' dir='ltr'><strong>Ve-</strong></span> 
     </span>
     <span class='ocr_line' id='line_1_23' title="bbox 1505 3319 4311 3440; baseline 0.002 -32"><span class='ocrx_word' id='word_1_189' title='bbox 1505 3337 1646 3408; x_wconf 88' lang='lat' dir='ltr'><strong>tus</strong></span> <span class='ocrx_word' id='word_1_190' title='bbox 1690 3325 2373 3410; x_wconf 73' lang='lat' dir='ltr'><strong>-Testamentum</strong></span> <span class='ocrx_word' id='word_1_191' title='bbox 2405 3321 2740 3410; x_wconf 88' lang='lat' dir='ltr'><strong>Graeco</strong></span> <span class='ocrx_word' id='word_1_192' title='bbox 2770 3320 3152 3412; x_wconf 89' lang='lat' dir='ltr'><strong>idiomati</strong></span> <span class='ocrx_word' id='word_1_193' title='bbox 3189 3321 3556 3410; x_wconf 90' lang='lat' dir='ltr'><strong>reddidit</strong></span> <span class='ocrx_word' id='word_1_194' title='bbox 3594 3382 3616 3407; x_wconf 88' lang='lat'><strong>.</strong></span> <span class='ocrx_word' id='word_1_195' title='bbox 3676 3319 4126 3440; x_wconf 89' lang='lat' dir='ltr'><strong>Jonatham</strong></span> <span class='ocrx_word' id='word_1_196' title='bbox 4160 3325 4311 3414; x_wconf 84' lang='lat' dir='ltr'><strong>Be-</strong></span> 
     </span>
     <span class='ocr_line' id='line_1_24' title="bbox 1504 3449 4309 3565; baseline 0.002 -32"><span class='ocrx_word' id='word_1_197' title='bbox 1504 3451 1796 3534; x_wconf 86' lang='lat' dir='ltr'><strong>nuziel</strong></span> <span class='ocrx_word' id='word_1_198' title='bbox 1854 3455 1951 3535; x_wconf 91' lang='lat' dir='ltr'><strong>in</strong></span> <span class='ocrx_word' id='word_1_199' title='bbox 2011 3451 2269 3534; x_wconf 87' lang='lat' dir='ltr'><strong>libros</strong></span> <span class='ocrx_word' id='word_1_200' title='bbox 2300 3449 2853 3562; x_wconf 84' lang='lat' dir='ltr'><strong>propheticos</strong></span> <span class='ocrx_word' id='word_1_201' title='bbox 2911 3452 3484 3565; x_wconf 87' lang='lat' dir='ltr'><strong>paraphrasim</strong></span> <span class='ocrx_word' id='word_1_202' title='bbox 3553 3452 3926 3538; x_wconf 83' lang='lat' dir='ltr'><strong>exaravit</strong></span> <span class='ocrx_word' id='word_1_203' title='bbox 3962 3505 3985 3529; x_wconf 87' lang='lat'><strong>.</strong></span> <span class='ocrx_word' id='word_1_204' title='bbox 4033 3449 4309 3538; x_wconf 88' lang='lat' dir='ltr'><strong>Hunc</strong></span> 
     </span>
     <span class='ocr_line' id='line_1_25' title="bbox 1499 3572 4309 3694; baseline 0 -34"><span class='ocrx_word' id='word_1_205' title='bbox 1499 3592 1822 3690; x_wconf 82' lang='lat' dir='ltr'><strong>putant</strong></span> <span class='ocrx_word' id='word_1_206' title='bbox 1874 3572 2174 3694; x_wconf 88' lang='lat' dir='ltr'><strong>Judaei</strong></span> <span class='ocrx_word' id='word_1_207' title='bbox 2228 3576 2586 3661; x_wconf 87' lang='lat' dir='ltr'><strong>Onkelo</strong></span> <span class='ocrx_word' id='word_1_208' title='bbox 2650 3601 3066 3667; x_wconf 86' lang='lat' dir='ltr'><strong>coaevum</strong></span> <span class='ocrx_word' id='word_1_209' title='bbox 3103 3636 3133 3684; x_wconf 84' lang='lat'>‚</span> <span class='ocrx_word' id='word_1_210' title='bbox 3194 3595 3389 3664; x_wconf 88' lang='lat' dir='ltr'><strong>tum</strong></span> <span class='ocrx_word' id='word_1_211' title='bbox 3450 3593 3802 3690; x_wconf 89' lang='lat' dir='ltr'><strong>propter</strong></span> <span class='ocrx_word' id='word_1_212' title='bbox 3862 3572 4035 3660; x_wconf 88' lang='lat' dir='ltr'><strong>stili</strong></span> <span class='ocrx_word' id='word_1_213' title='bbox 4079 3579 4309 3688; x_wconf 90' lang='lat' dir='ltr'><strong>puri-</strong></span> 
     </span>
     <span class='ocr_line' id='line_1_26' title="bbox 1499 3695 4309 3818; baseline -0 -31"><span class='ocrx_word' id='word_1_214' title='bbox 1499 3718 1769 3787; x_wconf 88' lang='lat' dir='ltr'><strong>tatem</strong></span> <span class='ocrx_word' id='word_1_215' title='bbox 1791 3758 1824 3807; x_wconf 83' lang='lat'><strong>,</strong></span> <span class='ocrx_word' id='word_1_216' title='bbox 1884 3721 2081 3787; x_wconf 90' lang='lat' dir='ltr'><strong>tum</strong></span> <span class='ocrx_word' id='word_1_217' title='bbox 2142 3706 2402 3788; x_wconf 88' lang='lat' dir='ltr'><strong>etiam</strong></span> <span class='ocrx_word' id='word_1_218' title='bbox 2462 3698 2694 3815; x_wconf 91' lang='lat' dir='ltr'><strong>quod</strong></span> <span class='ocrx_word' id='word_1_219' title='bbox 2748 3695 2946 3812; x_wconf 82' lang='lat' dir='ltr'><strong>ejus</strong></span> <span class='ocrx_word' id='word_1_220' title='bbox 2989 3704 3509 3816; x_wconf 91' lang='lat' dir='ltr'><strong>paraphrasis</strong></span> <span class='ocrx_word' id='word_1_221' title='bbox 3572 3705 3670 3783; x_wconf 93' lang='lat' dir='ltr'><strong>in</strong></span> <span class='ocrx_word' id='word_1_222' title='bbox 3726 3702 4104 3813; x_wconf 81' lang='lat' dir='ltr'><strong>antIquis</strong></span> <span class='ocrx_word' id='word_1_223' title='bbox 4146 3702 4309 3818; x_wconf 89' lang='lat' dir='ltr'><strong>Ju-</strong></span> 
     </span>
     <span class='ocr_line' id='line_1_27' title="bbox 1498 3819 4312 3945; baseline -0 -30"><span class='ocrx_word' id='word_1_224' title='bbox 1498 3824 1912 3916; x_wconf 89' lang='lat' dir='ltr'><strong>daeorum</strong></span> <span class='ocrx_word' id='word_1_225' title='bbox 1982 3830 2212 3912; x_wconf 84' lang='lat' dir='ltr'><strong>libris</strong></span> <span class='ocrx_word' id='word_1_226' title='bbox 2299 3824 2691 3912; x_wconf 89' lang='lat' dir='ltr'><strong>laudetur</strong></span> <span class='ocrx_word' id='word_1_227' title='bbox 2757 3886 2779 3909; x_wconf 89' lang='lat'><strong><em>.</em></strong></span> <span class='ocrx_word' id='word_1_228' title='bbox 2844 3819 3592 3945; x_wconf 83' lang='lat' dir='ltr'><strong>Agiographorum</strong></span> <span class='ocrx_word' id='word_1_229' title='bbox 3678 3825 4312 3940; x_wconf 85' lang='lat' dir='ltr'><strong>paraphrastem</strong></span> 
     </span>
     <span class='ocr_line' id='line_1_28' title="bbox 1494 3948 4309 4071; baseline 0 -33"><span class='ocrx_word' id='word_1_230' title='bbox 1494 3972 1989 4071; x_wconf 83' lang='lat' dir='ltr'><strong>agnoscunt</strong></span> <span class='ocrx_word' id='word_1_231' title='bbox 2018 3952 2141 4034; x_wconf 88' lang='lat' dir='ltr'><strong>illi</strong></span> <span class='ocrx_word' id='word_1_232' title='bbox 2172 3948 2615 4062; x_wconf 87' lang='lat' dir='ltr'><strong>quendam</strong></span> <span class='ocrx_word' id='word_1_233' title='bbox 2635 3951 3103 4068; x_wconf 87' lang='lat' dir='ltr'><strong>Josephum</strong></span> <span class='ocrx_word' id='word_1_234' title='bbox 3135 4011 3168 4059; x_wconf 86' lang='lat'>,</span> <span class='ocrx_word' id='word_1_235' title='bbox 3231 3959 3380 4066; x_wconf 90' lang='lat' dir='ltr'><strong>qui</strong></span> <span class='ocrx_word' id='word_1_236' title='bbox 3413 3980 3716 4040; x_wconf 90' lang='lat' dir='ltr'><strong>caecus</strong></span> <span class='ocrx_word' id='word_1_237' title='bbox 3748 4010 3781 4057; x_wconf 89' lang='grc'>,</span> <span class='ocrx_word' id='word_1_238' title='bbox 3844 3968 3991 4036; x_wconf 87' lang='lat' dir='ltr'><strong>aut</strong></span> <span class='ocrx_word' id='word_1_239' title='bbox 4017 3949 4309 4040; x_wconf 88' lang='lat' dir='ltr'><strong>luscus</strong></span> 
     </span>
     <span class='ocr_line' id='line_1_29' title="bbox 1499 4070 4376 4182; baseline 0 -17"><span class='ocrx_word' id='word_1_240' title='bbox 1499 4078 1818 4166; x_wconf 89' lang='lat' dir='ltr'><strong>dicitur</strong></span> <span class='ocrx_word' id='word_1_241' title='bbox 1853 4134 1877 4160; x_wconf 87' lang='lat'><strong>.</strong></span> <span class='ocrx_word' id='word_1_242' title='bbox 1943 4077 2069 4162; x_wconf 83' lang='lat' dir='ltr'><strong>Ex</strong></span> <span class='ocrx_word' id='word_1_243' title='bbox 2130 4079 2232 4162; x_wconf 89' lang='lat' dir='ltr'><strong>iis</strong></span> <span class='ocrx_word' id='word_1_244' title='bbox 2262 4133 2296 4182; x_wconf 83' lang='lat'>‚</span> <span class='ocrx_word' id='word_1_245' title='bbox 2357 4083 2477 4162; x_wconf 90' lang='lat' dir='ltr'><strong>ait</strong></span> <span class='ocrx_word' id='word_1_246' title='bbox 2540 4076 3291 4165; x_wconf 83' lang='lat' dir='ltr'><strong>Eminentissimus</strong></span> <span class='ocrx_word' id='word_1_247' title='bbox 3360 4078 3838 4165; x_wconf 88' lang='lat' dir='ltr'><strong>Cardinalis</strong></span> <span class='ocrx_word' id='word_1_248' title='bbox 3892 4075 4139 4165; x_wconf 91' lang='lat' dir='ltr'><strong>Gotti</strong></span> <span class='ocrx_word' id='word_1_249' title='bbox 4204 4070 4376 4166; x_wconf 54' lang='lat' dir='ltr'><strong>in*—</strong></span> 
     </span>
     <span class='ocr_line' id='line_1_30' title="bbox 1498 4200 4309 4321; baseline 0.001 -29"><span class='ocrx_word' id='word_1_250' title='bbox 1498 4232 1762 4321; x_wconf 88' lang='lat' dir='ltr'><strong>opere</strong></span> <span class='ocrx_word' id='word_1_251' title='bbox 1849 4201 1958 4289; x_wconf 88' lang='lat' dir='ltr'><strong>de</strong></span> <span class='ocrx_word' id='word_1_252' title='bbox 2044 4200 2320 4289; x_wconf 88' lang='lat' dir='ltr'><strong>Verit.</strong></span> <span class='ocrx_word' id='word_1_253' title='bbox 2407 4202 2887 4321; x_wconf 83' lang='lat' dir='ltr'><strong>Religionis</strong></span> <span class='ocrx_word' id='word_1_254' title='bbox 2944 4233 3133 4319; x_wconf 88' lang='lat' dir='ltr'><strong>cap.</strong></span> <span class='ocrx_word' id='word_1_255' title='bbox 3172 4225 3299 4288; x_wconf 88' lang='lat'>111.</span> <span class='ocrx_word' id='word_1_256' title='bbox 3362 4211 3444 4317; x_wconf 56' lang='grc' dir='ltr'><strong>ᾗ.</strong></span> <span class='ocrx_word' id='word_1_257' title='bbox 3484 4222 3578 4289; x_wconf 89' lang='lat'><strong>11.</strong></span> <span class='ocrx_word' id='word_1_258' title='bbox 3616 4263 3649 4311; x_wconf 86' lang='lat'>,</span> <span class='ocrx_word' id='word_1_259' title='bbox 3710 4230 3931 4317; x_wconf 89' lang='lat' dir='ltr'><strong>quae</strong></span> <span class='ocrx_word' id='word_1_260' title='bbox 3994 4207 4092 4289; x_wconf 91' lang='lat' dir='ltr'><strong>in</strong></span> <span class='ocrx_word' id='word_1_261' title='bbox 4148 4201 4309 4296; x_wconf 84' lang='lat' dir='ltr'><strong>hac</strong></span> 
     </span>
     <span class='ocr_line' id='line_1_31' title="bbox 1497 4328 4309 4448; baseline -0 -30"><span class='ocrx_word' id='word_1_262' title='bbox 1497 4330 1980 4446; x_wconf 86' lang='lat' dir='ltr'><strong>paraphrasi</strong></span> <span class='ocrx_word' id='word_1_263' title='bbox 2043 4330 2523 4448; x_wconf 85' lang='lat' dir='ltr'><strong>allegantur</strong></span> <span class='ocrx_word' id='word_1_264' title='bbox 2553 4388 2587 4436; x_wconf 86' lang='lat'><strong>,</strong></span> <span class='ocrx_word' id='word_1_265' title='bbox 2650 4329 2910 4442; x_wconf 88' lang='lat' dir='ltr'><strong>plane</strong></span> <span class='ocrx_word' id='word_1_266' title='bbox 2965 4348 3308 4419; x_wconf 89' lang='lat' dir='ltr'><strong>constat</strong></span> <span class='ocrx_word' id='word_1_267' title='bbox 3353 4390 3386 4436; x_wconf 83' lang='lat'>‚</span> <span class='ocrx_word' id='word_1_268' title='bbox 3481 4360 3674 4417; x_wconf 84' lang='lat' dir='ltr'><strong>eam</strong></span> <span class='ocrx_word' id='word_1_269' title='bbox 3760 4356 3947 4413; x_wconf 89' lang='lat' dir='ltr'><strong>non</strong></span> <span class='ocrx_word' id='word_1_270' title='bbox 4046 4328 4309 4417; x_wconf 69' lang='lat' dir='ltr'><strong>fiiisse</strong></span> 
     </span>
     <span class='ocr_line' id='line_1_32' title="bbox 1497 4455 4315 4570; baseline -0.002 -24"><span class='ocrx_word' id='word_1_271' title='bbox 1497 4455 1820 4548; x_wconf 83' lang='lat' dir='ltr'><strong>editam</strong></span> <span class='ocrx_word' id='word_1_272' title='bbox 1873 4476 2084 4543; x_wconf 90' lang='lat' dir='ltr'><strong>ante</strong></span> <span class='ocrx_word' id='word_1_273' title='bbox 2150 4462 2568 4570; x_wconf 89' lang='lat' dir='ltr'><strong>quintum</strong></span> <span class='ocrx_word' id='word_1_274' title='bbox 2622 4456 3046 4542; x_wconf 86' lang='lat' dir='ltr'><strong>Ecclesiae</strong></span> <span class='ocrx_word' id='word_1_275' title='bbox 3102 4458 3600 4561; x_wconf 82' lang='lat' dir='ltr'><strong>saeculum3</strong></span> <span class='ocrx_word' id='word_1_276' title='bbox 3667 4471 4007 4568; x_wconf 88' lang='lat' dir='ltr'><strong>reperta</strong></span> <span class='ocrx_word' id='word_1_277' title='bbox 4065 4459 4315 4541; x_wconf 91' lang='lat' dir='ltr'><strong>enim</strong></span> 
     </span>
     <span class='ocr_line' id='line_1_33' title="bbox 1496 4572 4311 4698; baseline -0.003 -25"><span class='ocrx_word' id='word_1_278' title='bbox 1496 4602 1630 4673; x_wconf 85' lang='lat' dir='ltr'><strong>est</strong></span> <span class='ocrx_word' id='word_1_279' title='bbox 1697 4587 1952 4673; x_wconf 88' lang='lat' dir='ltr'><strong>variis</strong></span> <span class='ocrx_word' id='word_1_280' title='bbox 2013 4579 2556 4669; x_wconf 84' lang='lat' dir='ltr'><strong>idiomatibus</strong></span> <span class='ocrx_word' id='word_1_281' title='bbox 2592 4640 2622 4687; x_wconf 89' lang='lat'><strong><em>‚</em></strong></span> <span class='ocrx_word' id='word_1_282' title='bbox 2683 4581 3087 4668; x_wconf 88' lang='lat' dir='ltr'><strong>videlicet</strong></span> <span class='ocrx_word' id='word_1_283' title='bbox 3150 4572 3567 4698; x_wconf 84' lang='lat' dir='ltr'><strong>Syriaco,</strong></span> <span class='ocrx_word' id='word_1_284' title='bbox 3630 4579 3962 4669; x_wconf 87' lang='lat' dir='ltr'><strong>Graeco</strong></span> <span class='ocrx_word' id='word_1_285' title='bbox 3994 4637 4027 4684; x_wconf 84' lang='lat'>‚</span> <span class='ocrx_word' id='word_1_286' title='bbox 4073 4581 4311 4666; x_wconf 85' lang='lat' dir='ltr'><strong>Lati·-</strong></span> 
     </span>
     <span class='ocr_line' id='line_1_34' title="bbox 1496 4705 4309 4823; baseline -0.002 -27"><span class='ocrx_word' id='word_1_287' title='bbox 1496 4736 1623 4796; x_wconf 91' lang='lat' dir='ltr'><strong>no</strong></span> <span class='ocrx_word' id='word_1_288' title='bbox 1647 4768 1680 4816; x_wconf 89' lang='lat'>,</span> <span class='ocrx_word' id='word_1_289' title='bbox 1741 4737 1841 4796; x_wconf 88' lang='lat' dir='ltr'><strong>ac</strong></span> <span class='ocrx_word' id='word_1_290' title='bbox 1872 4726 2307 4823; x_wconf 87' lang='lat' dir='ltr'><strong>praeterea</strong></span> <span class='ocrx_word' id='word_1_291' title='bbox 2328 4711 2878 4796; x_wconf 79' lang='lat' dir='ltr'><strong>mentionem</strong></span> <span class='ocrx_word' id='word_1_292' title='bbox 2925 4709 3178 4794; x_wconf 87' lang='lat' dir='ltr'><strong>habet</strong></span> <span class='ocrx_word' id='word_1_293' title='bbox 3202 4709 3687 4794; x_wconf 87' lang='lat' dir='ltr'><strong>Turcarum</strong></span> <span class='ocrx_word' id='word_1_294' title='bbox 3720 4765 3751 4812; x_wconf 84' lang='lat'><strong>,</strong></span> <span class='ocrx_word' id='word_1_295' title='bbox 3789 4705 4244 4792; x_wconf 89' lang='lat' dir='ltr'><strong>Mischnae</strong></span> <span class='ocrx_word' id='word_1_296' title='bbox 4271 4763 4309 4816; x_wconf 82' lang='lat'><strong>,</strong></span> 
     </span>
     <span class='ocr_line' id='line_1_35' title="bbox 1495 4831 4303 4950; baseline -0.003 -26"><span class='ocrx_word' id='word_1_297' title='bbox 1495 4834 1586 4924; x_wconf 84' lang='lat'>&amp;</span> <span class='ocrx_word' id='word_1_298' title='bbox 1635 4833 2442 4949; x_wconf 89' lang='lat' dir='ltr'><strong>Constantinopolis</strong></span> <span class='ocrx_word' id='word_1_299' title='bbox 2478 4892 2549 4941; x_wconf 87' lang='lat'>„</span> <span class='ocrx_word' id='word_1_300' title='bbox 2579 4896 2603 4922; x_wconf 88' lang='lat'><strong>.</strong></span> <span class='ocrx_word' id='word_1_301' title='bbox 2668 4831 2837 4918; x_wconf 88' lang='lat' dir='ltr'><strong>Sed</strong></span> <span class='ocrx_word' id='word_1_302' title='bbox 2868 4836 3496 4949; x_wconf 81' lang='lat' dir='ltr'><strong>paraphrasibus</strong></span> <span class='ocrx_word' id='word_1_303' title='bbox 3528 4833 3920 4920; x_wconf 87' lang='lat' dir='ltr'><strong>Onkelos</strong></span> <span class='ocrx_word' id='word_1_304' title='bbox 3961 4891 3996 4939; x_wconf 83' lang='lat'>‚</span> <span class='ocrx_word' id='word_1_305' title='bbox 4026 4831 4115 4920; x_wconf 72' lang='grc' dir='ltr'>ἃ</span> <span class='ocrx_word' id='word_1_306' title='bbox 4160 4831 4303 4950; x_wconf 86' lang='lat' dir='ltr'><strong>Jo-</strong></span> 
     </span>
     <span class='ocr_line' id='line_1_36' title="bbox 1499 4961 4309 5077; baseline 0 -31"><span class='ocrx_word' id='word_1_307' title='bbox 1499 4961 1901 5048; x_wconf 88' lang='lat' dir='ltr'><strong>nathanis</strong></span> <span class='ocrx_word' id='word_1_308' title='bbox 1963 4962 2438 5072; x_wconf 88' lang='lat' dir='ltr'><strong>paullulum</strong></span> <span class='ocrx_word' id='word_1_309' title='bbox 2494 4961 2988 5064; x_wconf 78' lang='lat' dir='ltr'><strong>insistamus</strong></span> <span class='ocrx_word' id='word_1_310' title='bbox 3021 5020 3047 5043; x_wconf 89' lang='lat'><strong>.</strong></span> <span class='ocrx_word' id='word_1_311' title='bbox 3116 4961 3271 5046; x_wconf 91' lang='lat' dir='ltr'><strong>Sin</strong></span> <span class='ocrx_word' id='word_1_312' title='bbox 3337 4966 3634 5048; x_wconf 90' lang='lat' dir='ltr'><strong>minus</strong></span> <span class='ocrx_word' id='word_1_313' title='bbox 3685 4962 3943 5077; x_wconf 84' lang='lat' dir='ltr'><strong>gratis</strong></span> <span class='ocrx_word' id='word_1_314' title='bbox 3979 5017 4011 5064; x_wconf 85' lang='lat'>‚</span> <span class='ocrx_word' id='word_1_315' title='bbox 4073 4977 4309 5046; x_wconf 84' lang='lat' dir='ltr'><strong>certe</strong></span> 
     </span>
     <span class='ocr_line' id='line_1_37' title="bbox 1501 5082 4307 5208; baseline -0.001 -34"><span class='ocrx_word' id='word_1_316' title='bbox 1501 5113 1691 5175; x_wconf 89' lang='lat' dir='ltr'><strong>non</strong></span> <span class='ocrx_word' id='word_1_317' title='bbox 1754 5103 1887 5177; x_wconf 86' lang='lat' dir='ltr'><strong>sat</strong></span> <span class='ocrx_word' id='word_1_318' title='bbox 1937 5084 2186 5175; x_wconf 71' lang='lat' dir='ltr'><strong>firma</strong></span> <span class='ocrx_word' id='word_1_319' title='bbox 2246 5084 2714 5177; x_wconf 85' lang='lat' dir='ltr'><strong>traditione</strong></span> <span class='ocrx_word' id='word_1_320' title='bbox 2777 5145 2813 5197; x_wconf 84' lang='lat'><strong>,</strong></span> <span class='ocrx_word' id='word_1_321' title='bbox 2871 5104 3266 5175; x_wconf 88' lang='lat' dir='ltr'><strong>asserunt</strong></span> <span class='ocrx_word' id='word_1_322' title='bbox 3316 5086 3622 5208; x_wconf 89' lang='lat' dir='ltr'><strong>Judaei</strong></span> <span class='ocrx_word' id='word_1_323' title='bbox 3675 5082 4226 5174; x_wconf 86' lang='lat' dir='ltr'><strong>Onkelosum</strong></span> <span class='ocrx_word' id='word_1_324' title='bbox 4271 5142 4307 5192; x_wconf 91' lang='lat'><strong>,</strong></span> 
     </span>
    </p>
   </div>
   <div class='ocr_carea' id='block_1_2' title="bbox 4155 5236 4305 5326">
    <p class='ocr_par' dir='ltr' id='par_1_2' title="bbox 4155 5236 4305 5326">
     <span class='ocr_line' id='line_1_38' title="bbox 4155 5236 4305 5326; baseline 0 0"><span class='ocrx_word' id='word_1_325' title='bbox 4155 5236 4305 5326; x_wconf 70' lang='lat'><strong>1³³·</strong></span> 
     </span>
    </p>
   </div>
  </div>
 </body>
</html>
