4913 6618
3249 533 3284 590 1
3313 533 3347 590 1
3378 536 3413 589 1

608 661 792 722 esse
840 639 1020 726 aliis
1077 657 1468 753 tempore
1530 639 2103 753 posterioresg
2172 631 2580 750 quodque
2617 637 2984 720 nonnisi
3040 655 3424 748 progres-

609 788 710 845 su
769 773 1185 882 temporis
1250 762 1576 851 factum
1646 772 1756 851 sit
1789 827 1818 871 ‚
1883 753 1980 849 ut
2025 765 2341 881 singuli
2396 792 2501 848 ex
2561 765 2756 849 loco
2791 820 2820 865 ‚
2856 763 2999 847 ubi
3036 758 3409 844 -fiJerant

610 900 987 995 exarati,
1044 891 1147 977 ad
1207 894 1402 978 alias
1470 892 1879 978 Ecclesias
1937 894 2507 1006 pervenirent
2542 947 2571 992 ,
2635 907 2897 999 atque
2931 892 3439 1001 reciperem.
3518 967 3537 978 Ἃ

610 1030 807 1099 tur.
866 1018 1027 1103 Vel
1084 1023 1269 1131 ipso
1321 1017 1794 1134 Augustini
1850 1035 2241 1130 tempore
2297 1075 2327 1120 ‚
2397 1035 2496 1101 ut
2561 1011 2930 1100 diximus
2967 1072 2996 1116 ,
3073 1015 3221 1098 ubi
3311 1009 3423 1096 de

614 1138 846 1223 libris
914 1145 1389 1230 Canonicis
1425 1205 1454 1249 ‚
1512 1149 1725 1230 sacri
1783 1163 2032 1230 erant
2086 1145 2280 1226 libri
2330 1172 2379 1226 a
2444 1143 3013 1255 peculiaribus
3073 1140 3423 1251 quibus·
3532 1181 3535 1182 f

613 1260 810 1353 dam
876 1269 1515 1356 catholicorum
1603 1272 1994 1356 Ecclesiis
2061 1297 2248 1354 non
2314 1273 2644 1380 recepti
2698 1327 2721 1351 .
2810 1268 3418 1379 Hieronymus

608 1389 717 1477 ad
779 1393 1284 1481 Dardanum
1313 1401 1725 1482 -scribens
1766 1458 1794 1499 ‚
1825 1396 1912 1483 ἃ
1968 1392 2076 1478 de
2141 1395 2513 1508 Epistola
2571 1391 2675 1477 ad
2736 1395 3173 1477 Hebraeos
3257 1417 3430 1474 ser-

613 1544 973 1606 monem
1022 1526 1487 1608 instituens
1573 1520 1832 1607 tradit
1926 1523 2183 1604 libros
2242 1549 2519 1607 sacros
2548 1578 2577 1621 ‚
2612 1546 2793 1603 non
2868 1536 3071 1603 tam*
3106 1520 3212 1601 ab
3276 1544 3426 1603 au-

612 1649 992 1730 ctoribus
1054 1675 1353 1732 eorum
1395 1710 1422 1755 ‚
1472 1677 1742 1762 -quam
1809 1652 1915 1731 ab
1981 1642 2300 1756 judicio
2354 1645 2929 1730 Ecclesiarum
3001 1704 3032 1747 ‚
3099 1669 3423 1758 earum·
3530 1661 3541 1670 '

612 1796 788 1878 que
846 1773 1477 1859 consuetudine
1538 1778 2136 1858 auctoritatem
2163 1772 2550 1858 habuisse
2585 1828 2608 1850 .
2647 1771 2779 1854 De
2822 1768 3153 1854 laudata
3180 1772 3426 1853 enim

614 1895 985 2007 Epistola
1036 1903 1324 1984 scribit
1363 1932 1384 1982 ε
1430 1903 1645 1984 nihil
1693 1905 2116 1983 interesse
2155 1958 2184 2001 ‚
2245 1898 2488 2007 cujus
2540 1902 2649 1980 sit
2684 1955 2713 1998 ‚
2761 1925 2962 1982 cum
3021 1897 3427 1980 Ecclesia·

614 2025 808 2107 stici
866 2029 1033 2111 viri
1101 2030 1213 2108 sit
1281 2085 1310 2130 ‚
1376 2025 1462 2112 8<
1521 2021 1907 2138 quoticlie
1972 2025 2546 2109 Ecclesiarum
2619 2024 2995 2106 lectione
3062 2022 3429 2106 celebre-

610 2163 756 2229 tur
791 2177 855 2255 3,
888 2210 912 2233 .
941 2150 1364 2236 Veremur
1394 2154 1600 2237 hinc
1637 2212 1667 2258 ,
1715 2181 1832 2237 ne
1864 2170 2214 2240 tantum
2250 2147 2692 2234 vetustaiis
2724 2148 3199 2233 Thebaicae
3231 2173 3425 2236 ver-

614 2277 841 2357 sioni
875 2281 983 2360 sit
1017 2276 1680 2363 concedendum
1719 2339 1746 2382 ,
1779 2299 1881 2363 ut
1921 2277 2254 2363 saeculo
2289 2278 2594 2359 saltem
2651 2274 3020 2360 secundo
3053 2273 3433 2357 adorna-

618 2415 717 2479 ta
753 2400 1251 2487 vindicetur
1285 2459 1309 2485 .
1359 2406 1560 2489 Fuit
1585 2399 1935 2516 quidem
1965 2405 2058 2485 in
2093 2400 2527 2485 Thebaide
2561 2458 2588 2503 ‚
2616 2419 2836 2484 teste
2871 2400 3231 2483 Eusebio
3264 2457 3289 2497 ‚
3326 2416 3428 2484 ut

604 2544 850 2629 ante,
883 2531 1000 2609 ita
1031 2529 1116 2614 ἃ
1149 2557 1252 2613 eo
1284 2524 1654 2614 florente
1687 2548 2170 2641 martyrum
2213 2553 2625 2611 numerus
2654 2524 3428 2637 frequentissimus.
3486 2579 3493 2590 ι

610 2647 777 2732 Sed
811 2680 1061 2735 aurea
1119 2655 1255 2738 illa
1289 2675 1537 2739 erant
1571 2677 1962 2768 tempora
1991 2713 2018 2758 ‚
2055 2655 2363 2764 quibus
2397 2655 2939 2767 potissimum
2971 2650 3433 2760 impletum

609 2795 738 2858 est
775 2836 802 2879 ,
836 2776 1069 2890 quod
1117 2779 1347 2863 Deus
1411 2786 1918 2894 promiserat
1983 2808 2131 2864 ore
2179 2775 2596 2896 Jeremiae
2655 2807 2839 2890 cap.
2868 2794 3108 2859 XXXI.
3177 2777 3428 2859 Dabo

610 2899 883 3019 Iegem
945 2933 1226 2988 meam
1285 2908 1374 2987 in
1429 2907 1890 2991 visceribus
1954 2935 2246 2992 eornm
2317 2964 2346 3009 ‚
2434 2904 2542 2995 <36
2609 2908 2701 2986 in
2788 2903 3039 2986 corde
3129 2927 3429 2984 eorum

610 3028 972 3112 scribam
1042 3035 1234 3113 enm
1277 3088 1301 3111 .
1366 3030 1773 3118 Caelestis
1807 3034 2379 3115 annunciatio
2413 3026 2861 3114 doctrinae
2894 3087 2921 3129 ‚
2953 3024 3429 3137 divinaque

615 3150 1176 3263 Reparatoris'
1222 3162 1485 3270 gratia
1549 3156 1811 3241 fidem
1885 3218 1912 3261 ,
2001 3155 2088 3241 8(
2143 3149 2621 3241 'caritatem
2693 3161 2789 3238 in
2855 3153 3198 3242 Christo
3261 3178 3434 3236 cre·-

612 3273 1011 3365 dentium
1089 3282 1579 3366 mirabiliter
1636 3283 1983 3370 fovebat
2014 3342 2041 3385 ,
2097 3287 2314 3396 quin
2357 3281 2716 3370 fortasse
2770 3308 2985 3394 opus
3042 3293 3262 3363 esset
3306 3279 3435 3363 cli.

611 3405 1005 3490 vinorum
1066 3406 1479 3492 librorum
1518 3466 1548 3510 ‚
1596 3410 1754 3492 SS.
1799 3410 2471 3526 Evangeliorum
2536 3408 3114 3528 cummaxime
3142 3463 3171 3508 ‚
3201 3401 3431 3489 The-

611 3530 851 3635 baica
919 3534 1362 3620 versione.
1434 3532 1853 3620 Observat
1902 3531 2573 3645 Chrysostomus
2608 3534 2955 3618 homilia
3001 3534 3278 3644 prima
3326 3534 3424 3617 in

611 3651 926 3740 Matth.
997 3659 1377 3771 potuisse
1423 3658 1890 3744 Ecclesiam
1954 3662 2272 3773 absque
2326 3659 2499 3743 Dei
2562 3662 2830 3745 verbo
2874 3660 3213 3769 scripto
3244 3660 3428 3741 sub-

610 3782 910 3865 sistere
946 3841 973 3886 ,
1045 3788 1114 3866 si
1172 3809 1476 3895 omnes
1537 3784 2006 3869 Christiani
2053 3790 2145 3868 in
2220 3791 2575 3871 caritate
2613 3844 2640 3889 ‚
2706 3783 2794 3871 ἃ
2856 3785 3220 3870 veritate
3264 3798 3429 3868 ste-

528 3922 536 3930 ·
609 3907 920 3991 tissent
950 3967 972 3989 .
1045 3908 1130 3993 S.
1184 3909 1584 3993 Irenaeus
1630 3910 2095 3996 affirmavit
2142 3910 2608 3997 Ecclesiam
2641 3906 2950 3993 florere
2985 3903 3213 4023 apud
3244 3907 3430 3992 bar·

612 4033 850 4116 baras
902 4052 1206 4151 gentes
1235 4093 1262 4136 ,
1313 4062 1533 4148 quae
1589 4037 1773 4146 ejus
1834 4053 2111 4122 aetate
2147 4094 2178 4139 ‚
2238 4035 2638 4157 nondum
2714 4037 3038 4119 litteras
3110 4028 3430 4121 didice.

614 4177 875 4253 rant,
933 4177 1153 4245 teste
1214 4158 1659 4245 Bernardo
1706 4162 1991 4275 Lamy
2068 4167 2164 4247 in
2223 4162 2455 4274 App.
2517 4163 2700 4244 Bib.
2781 4162 2928 4242 lib.
2959 4180 3052 4242 11.
3121 4186 3313 4270 cap.
3343 4189 3430 4268 4.

613 4282 912 4397 Quid?
965 4310 1273 4370 nonne
1329 4305 1751 4401 martyres
1813 4345 1843 4390 ,
1931 4288 2308 4372 ridentes
2378 4286 2834 4399 capitalem
2915 4286 3435 4370 sententiam
3500 4373 3513 4386 ,

615 4410 1160 4523 excipiebant
1195 4468 1225 4513 ,
1290 4415 1506 4498 aclea
1569 4433 1669 4496 ut
1716 4415 1805 4494 in
1853 4409 2193 4495 laudem
2255 4411 2721 4497 conditoris
2790 4412 3176 4495 omnium
3263 4409 3435 4494 Dei

597 4537 996 4647 psalmos
1028 4596 1055 4633 ‚
1115 4535 1648 4650 hymnosque
1684 4597 1711 4642 ‚
1774 4535 1881 4627 δε
1940 4540 2437 4657 gratiarum
2491 4537 2873 4624 actiones
2946 4535 3071 4620 ad
3141 4554 3426 4619 extre-

619 4686 855 4744 mum
916 4688 1193 4772 usqne
1247 4664 1645 4778 spiritum
1706 4661 2318 4777 concinerent?
2386 4663 2511 4748 Ita
2579 4660 2929 4775 quidem
3002 4691 3025 4745 ε
3118 4687 3428 4748 verum

614 4785 866 4894 'queis
932 4787 1277 4908 psalmis
1345 4847 1374 4892 ‚
1432 4785 1512 4875 δι
1569 4789 1922 4903 hymnis
1977 4788 2479 4876 eDavidicis
2525 4786 2570 4873 ’ἓ
2630 4790 2821 4875 Hoc
2908 4814 3092 4871 non
3195 4782 3434 4872 addit

618 4910 1031 4998 Eusebius
1070 4944 1093 4994 ε
1172 4939 1464 5025 neque
1499 4975 1528 5019 ,
1593 4921 1661 4996 si
1710 4911 2111 5018 adderet,
2176 4943 2719 5026 consequens
2754 4914 3029 5001 ‘fieret
3076 4913 3432 4997 Thebai·

618 5062 813 5125 cam
877 5039 1056 5151 jam
1122 5052 1318 5121 tum
1366 5045 1736 5128 extitisse
1795 5040 2319 5128 psalmorum
2371 5044 2777 5128 omnium
2812 5100 2842 5149 ,
2899 5040 3437 5150 aliorumque

3321 5160 3446 5249 di-

4902 1975 4903 1984 s
4896 1825 4906 1954 .‚—
4884 293 4906 1792 m—-.⁴-„——-*.t.t.———A——-.dffl-n—m
4884 4 4906 264 „nn-...m-
