4913 6618
3267 548 3440 641 ¹05
3541 558 3561 570 ·

644 650 892 735 enim
940 643 1211 752 Omar
1236 647 1372 735 m.
1442 641 1796 765 Calipha
1855 644 2199 765 Syriam
2286 647 2546 736 armis
2627 649 3089 761 occupavit
3153 705 3184 754 ‚
3247 676 3441 735 ma·-

626 801 896 889 gnam
959 780 1220 861 subiit
1262 781 1839 865 mutationem
1875 836 1906 883 ‚
1971 797 2075 864 ut
2127 803 2336 864 cum
2400 771 2835 859 Richardo
2899 774 3256 861 Simone
3337 780 3438 861 in

623 898 823 983 hist.
892 905 1084 986 crit.
1132 902 1422 988 Veter.
1450 901 1559 986 Τ.
1594 902 1951 990 adnotat
1979 901 2736 990 Eminenfissimus
2783 897 3028 987 Gotti
3073 900 3437 987 Tom.11.

624 1022 736 1106 tle
797 1028 1162 1111 veritate
1204 1031 1487 1150 Relig.
1561 1032 1876 1116 Christ.
1936 1058 2127 1143 cap.
2165 1044 2310 1111 ΙΙΙ.
2374 1053 2613 1110 num.
2664 1054 2807 1127 19.
2854 1025 3221 1139 Insuper
3251 1086 3282 1132 ,
3315 1032 3441 1114 sic

624 1150 809 1261 ipse
855 1159 1407 1268 prosequitur
1469 1215 1501 1262 ‚
1598 1156 1811 1273 Syra
1863 1154 2278 1242 hodierna
2329 1148 2597 1241 dividi
2664 1152 2925 1235 etiam
2992 1169 3278 1266 potest
3340 1158 3438 1240 in

623 1275 913 1386 plures
995 1275 1395 1366 dialectos
1463 1341 1494 1388 ‚
1575 1303 1772 1369 tum
1853 1278 2135 1395 quoad
2220 1280 3051 1394 pronunciationem
3121 1335 3150 1382 ‚
3240 1296 3439 1365 tum

624 1399 914 1513 quoad
975 1407 1639 1527 phraseologiam
1676 1469 1699 1492 .
1766 1407 2257 1493 Nestoriani
2293 1465 2324 1512 ‚
2386 1407 2544 1520 qui
2607 1403 3142 1520 Babylonem
3206 1409 3446 1491 inco-

626 1528 830 1612 lunt
863 1586 894 1633 ‚
955 1550 1104 1616 aut
1158 1538 1307 1646 qui
1358 1563 1515 1648 per
1560 1531 1844 1620 Indias
1892 1536 2155 1647 sparsi
2211 1550 2421 1617 sunt
2453 1589 2485 1634 ,
2549 1533 2703 1641 qui
2732 1530 3446 1642 BabylonicoPa-

628 1653 1044 1740 triarchae
1089 1661 1685 1773 obsequuntur
1715 1719 1746 1764 ,
1809 1661 2064 1744 libros
2119 1685 2313 1742 suos
2375 1656 2777 1745 cultiores
2833 1714 2862 1760 ‚
2922 1653 3010 1741 ἃ
3092 1656 3439 1774 elegan-

630 1779 890 1864 tiores
944 1781 1266 1870 habent
1295 1843 1328 1891 ,
1390 1815 1651 1900 quam
1698 1787 2128 1904 Jacobitae
2163 1845 2194 1891 ,
2254 1803 2404 1871 aut
2461 1782 2953 1897 Maronitae
3016 1811 3036 1860 ε
3099 1786 3439 1900 Quem-

631 1898 1100 1993 admodum
1153 1915 1395 1997 enim
1445 1913 1832 2027 Babylon
1900 1909 2139 1997 sedes
2196 1913 2536 2025 imperii
2581 1925 2763 1994 erat
2832 1967 2862 2012 ,
2954 1912 3077 1993 ita
3130 1917 3443 1998 verosi-

629 2031 838 2116 mile
893 2053 1024 2119 est
1068 2036 1252 2144 ejus
1318 2042 1548 2126 cives
1602 2099 1632 2144 ‚
1693 2066 1896 2151 prae
1954 2042 2549 2124 remotioribus
2613 2035 2792 2120 aliis
2856 2038 2950 2124 in
3009 2042 3140 2120 sui
3206 2041 3449 2149 puri-

628 2174 804 2241 tate
864 2180 1250 2249 veterem
1281 2163 1668 2282 linguam
1702 2191 2250 2252 conservasse
2275 2222 2306 2268 ,
2366 2163 2668 2248 saltem
2704 2164 3024 2273 scripto
3055 2217 3080 2244 .
3146 2163 3217 2245 E
3247 2191 3449 2250 con·

631 2299 763 2365 tra
797 2284 1228 2400 Jacobitae
1266 2346 1299 2394 ,
1359 2318 1458 2375 ac
1516 2291 2007 2377 Maronitae
2068 2289 2634 2377 Antiocheno
2693 2287 3221 2373 patriarchae
3252 2293 3446 2374 sub·

632 2407 843 2517 jecti
899 2440 1095 2497 suos
1151 2415 1405 2501 libros
1468 2417 1789 2503 habent
1848 2423 1943 2503 in
2014 2416 2233 2533 Syro
2293 2414 2914 2517 Antiocheno,
2979 2414 3228 2524 quale
3259 2412 3447 2502 An-

630 2535 1072 2623 thiocheni
1129 2542 1705 2654 loquebantur
1737 2599 1762 2625 .
1826 2537 2235 2630 Advertit
2294 2547 2654 2655 insuper
2706 2535 3293 2652 praelaudatus
3328 2541 3450 2627 Si-
3548 2591 3563 2616 ι

628 2689 842 2749 mon
883 2724 914 2769 ,
974 2693 1405 2753 summam
1458 2667 1871 2783 Syrorum
1927 2695 2134 2755 cum
2195 2671 2573 2756 Ecclesia
2607 2664 2933 2752 Graeca
2955 2669 3380 2754 unionem
3417 2724 3451 2774 ‚

637 2793 986 2875 traxisse
1039 2796 1133 2877 in
1210 2820 1515 2880 eorum
1574 2798 1965 2915 linguam
2000 2796 2371 2910 plurima
2402 2793 2732 2882 Graeca
2762 2793 3176 2879 vocabula
3201 2849 3231 2895 ‚
3269 2821 3451 2879 ma-

639 2920 869 3001 xime
914 2915 1198 3030 quoad
1262 2947 1496 3007 sacra
1532 2979 1554 3002 .
1621 2922 1857 3009 Cum
1920 2928 2164 3008 enim
2215 2926 2595 3033 antiquis
2628 2915 3452 3032 temporibusfirae·

635 3068 740 3126 ca
798 3044 1094 3161 lingua
1154 3062 1343 3130 toto
1404 3046 1769 3133 Oriente
1820 3048 2008 3134 fissa
2063 3066 2281 3134 esset
2313 3107 2344 3154 ‚
2404 3046 2494 3133 ἃ
2558 3048 2655 3129 in
2728 3075 2826 3132 ea
2893 3046 3222 3164 primae
3279 3042 3454 3130 Ec-
3512 3162 3521 3171 .

632 3166 1143 3257 elesiasticae
1192 3175 1684 3259 sanctiones
1729 3179 2267 3289 conscriptae
2321 3175 2426 3260 ab
2478 3176 2743 3258 initio
2797 3171 3128 3256 fiierint
3182 3227 3213 3274 ‚
3279 3196 3450 3256 ne·-

634 3320 974 3383 cessum
1040 3300 1299 3412 plane
1347 3298 1516 3385 fiJit
1550 3360 1581 3406 ,
1641 3323 1742 3388 ut
1822 3301 2020 3418 Syri
2082 3301 2479 3416 Episcopi
2562 3298 2983 3389 Graecam
3059 3297 3453 3414 linguam

636 3417 1103 3510 didicerint
1140 3486 1170 3531 ,
1229 3445 1332 3512 ut
1388 3428 1815 3513 Ecclesiae
1871 3429 2282 3516 Canones
2342 3458 2448 3513 ex
2496 3430 2700 3538 ipsis
2785 3427 3171 3512 fontibus
3229 3423 3451 3508 hau-

638 3550 916 3633 rirent
953 3610 984 3656 ,
1076 3551 1165 3638 81
1221 3554 1583 3640 aliorum
1642 3552 2171 3643 Graecorum
2241 3561 2559 3668 scripta
2615 3556 3004 3672 legerent
3067 3609 3098 3654 ,
3186 3566 3454 3660 atque

637 3675 1224 3795 intelligerent
1256 3737 1282 3764 .
1345 3679 1694 3768 Etenim
1760 3680 1844 3767 S.
1882 3683 2303 3796 Ephraem
2331 3740 2360 3787 ‚
2425 3681 2579 3794 qui
2644 3682 2984 3790 scripsit
3041 3672 3392 3791 Syriace
3418 3734 3451 3782 ,

637 3798 983 3888 videtur
1039 3803 1459 3893 Graecam
1501 3808 1889 3927 linguam
1955 3810 2337 3893 calluisse
2365 3867 2396 3912 ‚
2459 3833 2663 3891 cum
2727 3803 3258 3891 Graecorum
3291 3801 3454 3886 ali-

644 3948 861 4039 quot
885 3987 915 4033 ,
973 3930 1061 4017 81
1115 3940 1617 4044 praesertim
1669 3938 2000 4021 irenaei
2030 3936 2527 4021 testimonia
2559 3936 2771 4017 citet
2804 3991 2826 4015 .
2896 3928 3228 4016 Verum
3264 3929 3457 4015 sive

640 4049 840 4166 Syri
897 4053 1269 4144 Graecos
1323 4080 1711 4148 auctores
1767 4058 2095 4148 Graece
2140 4062 2513 4178 legerint
2540 4116 2569 4163 ‚
2633 4056 2816 4146 sive
2865 4055 3042 4167 jam
3109 4052 3455 4170 Syriace

646 4178 1021 4267 redditos
1055 4243 1086 4289 ,
1148 4191 1449 4303 negari
1503 4216 1687 4274 non
1747 4204 2033 4301 potest
2091 4247 2122 4292 ,
2218 4188 2473 4304 Syros
2556 4182 3011 4295 plerosque
3072 4182 3358 4265 multa
3419 4235 3453 4285 ,

642 4308 924 4419 quoad
985 4310 1539 4429 Religionem
1592 4318 1852 4401 fuisse
1905 4344 1954 4399 a
2013 4310 2360 4400 Graecis
2417 4322 2854 4396 mutuatos
2889 4365 2955 4410 ,‚
2989 4364 3014 4390 .
3079 4301 3230 4388 Ad
3262 4329 3453 4391 ver-

641 4437 981 4519 sionem
1036 4436 1300 4525 modo
1360 4440 1876 4530 accedentes
1943 4468 2126 4525 non
2165 4440 2172 4445 ’
2209 4440 2436 4524 hanc
2503 4458 2963 4522 censemus
3033 4431 3172 4515 illa
3236 4456 3455 4544 pura

641 4560 934 4680 lingua
1004 4583 1427 4651 exaratam
1493 4627 1524 4674 ‚
1587 4596 1809 4681 quae
1875 4573 1968 4651 in
2019 4556 2372 4682 Assyria
2450 4559 2747 4649 floruit
2812 4579 3019 4644 ante
3086 4555 3455 4670 Babylo-

644 4690 940 4773 nicam
995 4695 1587 4803 captivitatem
1624 4753 1653 4799 ‚
1716 4723 1903 4779 non
1971 4693 2109 4777 illa
2166 4751 2198 4798 ,
2260 4718 2482 4805 quae
2539 4706 2735 4804 post
2790 4687 3134 4772 Omaris
3190 4686 3453 4771 inva-

645 4817 983 4900 sionem
1039 4821 1330 4933 coepit
1391 4820 1916 4907 invalescere
1945 4876 1976 4924 ,
2038 4819 2491 4930 multoque
2546 4821 2843 4903 minus
2928 4808 3348 4898 hodierna
3424 4866 3457 4913 ‚

644 4938 795 5023 sed
852 4945 1134 5053 potius
1192 4949 1457 5031 mixta
1526 4974 1632 5033 ex
1695 4945 1911 5062 Syra
1980 5001 2016 5048 ,
2071 4943 2492 5030 Chaldaea
2552 5001 2584 5048 ‚
2645 4939 2734 5029 ἃ
2817 4940 3205 5025 Hebraea
3252 4991 3284 5039 9
3348 4962 3453 5018 ea

649 5092 974 5182 nempe
1005 5126 1038 5175 ,
1103 5096 1323 5182 quae
1372 5072 1711 5188 Judaeis
1766 5076 1872 5160 ab
1918 5070 2173 5157 exilio
2239 5068 2603 5156 dimissis
2689 5066 2918 5193 facta
3003 5079 3184 5150 crat
3266 5087 3459 5148 ver.

2146 5193 2229 5282 O
3261 5213 3431 5271 na-
