4913 6618
1489 568 1524 621 1
1556 570 1589 622 1
1610 569 1663 625 o

1470 671 1753 749 mium
1819 664 2195 752 psalmos
2223 721 2251 770 ‚
2313 663 2400 755 ἃ
2455 670 2655 755 alios
2710 685 2901 752 tum
2968 662 3165 753 Vet.
3206 723 3236 768 ,
3297 682 3494 753 tum
3527 670 3737 778 novi
3767 664 4279 753 Testamen-

1477 794 1544 872 ti
1611 793 1865 876 libros
1931 795 2210 911 legere
2237 852 2267 896 ‚
2329 794 2416 882 8(
2469 798 2882 882 memoria
2915 795 3348 894 recolere;
3416 820 3628 906 quos
3654 810 3891 878 certe
3939 797 4030 874 in
4069 794 4284 879 The-

1478 915 1810 1002 baicam
1871 921 2257 1037 linguam
2329 922 2667 1006 saeculo
2727 918 2864 1004 111.
2931 920 3375 1003 translatos
3447 978 3478 1021 ‚
3553 918 3641 1007 ἃ
3700 920 4044 1032 publica
4121 918 4282 1004 Ec·

1483 1045 1786 1129 clesiae
1839 1051 2338 1132 auctoritate
2397 1048 2989 1156 comprobatos
3052 1102 3079 1147 ‚
3148 1043 3601 1127 Palaemon
3675 1049 3857 1156 ipse
3913 1048 4279 1129 invene-

1480 1188 1613 1252 rat
1649 1229 1675 1270 ‚
1741 1197 2207 1285 secumque
2233 1178 2323 1257 in
2363 1170 2838 1283 ἀναχωρήσεις
2877 1197 3073 1254 suae
3106 1169 3496 1254 cellulam
3533 1170 3930 1253 attulerat
3966 1227 3989 1249 .
4027 1168 4283 1254 Hanc

1480 1294 1757 1406 ipsam
1825 1305 2311 1383 versionem
2373 1327 2735 1413 magnus
2795 1295 3106 1380 deinde
3187 1294 3693 1380 pachomius
3753 1299 3921 1379 sui's
3978 1297 4274 1380 omni-

1480 1421 1637 1504 bus
1693 1425 1788 1505 in
1835 1426 2557 1507 Tabennensium
2614 1423 3236 1506 monachorum
3302 1424 3965 1538 congregatione
4057 1421 4270 1503 reti-

1484 1545 1871 1630 nendam
1935 1548 2243 1631 obtulit
2282 1605 2305 1630 .
2372 1548 2663 1631 Unam
2733 1551 2976 1632 enim
3074 1548 3215 1630 ille
3295 1547 3814 1633 Thebaicam
3902 1548 4289 1663 linguam

1486 1692 1846 1757 noverat
1879 1729 1914 1778 ‚
1944 1670 2675 1785 quemadmodum
2706 1672 2792 1759 8<
2825 1675 2961 1756 alii
2993 1674 3176 1757 fere
3206 1701 3412 1757 omn
3425 1701 3513 1756 es
3549 1731 3579 1777 ,
3602 1691 3944 1785 praeter
3975 1695 4288 1784 paucos

1489 1795 1902 1906 quosdam
1971 1798 2340 1885 Graecos
2376 1831 2404 1902 ς
2444 1803 2598 1911 qui
2643 1818 2939 1918 tamen
3004 1805 3275 1912 ipsam
3331 1827 3680 1911 quoque
3735 1796 4059 1882 discere
4100 1822 4286 1879 non

1491 1925 2044 2039 negligebant
2073 1986 2097 2009 .
2166 1924 2462 2038 Atque
2521 1927 2724 2010 haec
2783 1923 3134 2038 quidem
3173 1986 3199 2028 ‚
3236 1952 3459 2035 quae
3517 1927 3897 2039 pluribus
3952 1928 4046 2006 in
4086 1922 4292 2006 locis

1490 2051 1717 2134 vitae
1776 2052 1862 2134 S.
1898 2050 2331 2142 Pachomii
2400 2056 2594 2136 satis
2663 2071 2951 2163 aperte
3015 2050 3477 2136 traduntur
3511 2110 3542 2157 ,
3579 2052 4291 2149 Tillemontium‚

1492 2175 1607 2255 ita
1673 2173 1996 2280 cred0,
2070 2175 2606 2261 induxerunt
2672 2237 2701 2281 ,
2792 2198 2890 2262 ut
2957 2180 3366 2261 scriberet
3427 2198 3639 2261 tom.
3707 2196 3900 2264 vm.
3974 2174 4105 2259 M.
4166 2175 4282 2256 H.

1488 2299 1805 2385 Eccles.
1860 2331 2051 2419 pag.
2108 2334 2313 2388 101.
2373 2304 2534 2387 Les
2589 2306 2915 2389 moines
2975 2306 3083 2387 cle
3151 2305 3552 2388 Tabenne
3589 2362 3611 2384 .
3637 2362 3660 2386 .
3697 2362 3719 2384 .
3759 2304 4106 2385 avoient
4144 2299 4295 2381 cles

1488 2424 1748 2511 limes
1800 2430 2019 2513 dont
2081 2433 2201 2515 les
2248 2431 2656 2516 Prevosts
2717 2433 3066 2513 avoient
3129 2431 3216 2512 Ict
3288 2431 3568 2546 garde
3638 2488 3660 2510 .
3703 2487 3722 2507 .
3762 2488 3783 2508 .
3837 2456 3973 2511 ces
4037 2426 4295 2508 livres

1491 2578 1700 2636 sans
1761 2556 2022 2639 doute
2053 2557 2413 2640 estoient
2466 2559 3252 2668 particulierement
3285 2584 3507 2638 ceu‘z=
3537 2556 3643 2639 cle
3674 2554 4108 2636 l'ecriture
4144 2609 4166 2631 .
4210 2609 4231 2631 .
4264 2607 4287 2632 .

1490 2675 1661 2758 ILS
1724 2677 1885 2762 LA
1948 2679 2479 2765 LlSOIENT
2537 2683 2656 2764 IN
2665 2679 3403 2765 DUsslTAssLEM
3417 2680 3648 2762 ENT
3707 2676 4298 2762 TRADUITE

1489 2803 1642 2888 EN
1696 2802 2258 2891 EGVPTIEN
2288 2866 2318 2910 ,
2369 2810 2462 2890 in
2522 2808 3037 2892 Thebaicam
3090 2835 3412 2917 nempe
3472 2807 3931 2891 secundam
4001 2795 4295 2918 Aegy-

1491 2933 1875 3041 ptiorum
1931 2931 2394 3018 dialectum
2451 2962 2963 3019 conversam
2993 2992 3019 3034 ‚
3077 2961 3226 3014 car
3292 2934 3377 3014 Ia
3425 2933 3836 3044 pluspart
3886 2927 4018 3011 'd’
4057 2947 4296 3013 entre

1489 3085 1666 3139 eux
1721 3088 1830 3141 ne
1880 3061 2274 3143 savoient
2324 3089 2500 3171 pas
2568 3061 2662 3142 τῖ’
2694 3080 2945 3144 autre
3001 3060 3322 3175 langue
3384 3115 3407 3137 .
3468 3059 3722 3141 Hanc
3812 3054 4297 3167 Scripturae

1491 3203 1839 3267 sanctae
1888 3189 2378 3270 versionem
2427 3186 2507 3269 S.
2550 3187 3054 3269 pachomius
3120 3211 3167 3265 a
3237 3209 3446 3266 sene
3503 3182 4018 3266 Palaemone
4053 3240 4082 3284 ‚
4143 3181 4296 3263 Pa-

1490 3308 1837 3394 laemon
1909 3340 2114 3396 vero
2171 3313 2274 3394 ab
2342 3312 2520 3393 aliis
2562 3312 2863 3423 procul
2914 3309 3176 3393 dublo
3232 3337 3449 3393 saec.
3509 3307 3651 3392 llI.¹
3753 3326 4197 3421 acceperat
4267 3366 4291 3391 .

1492 3436 1601 3521 Et
1665 3441 2080 3548 quoniam
2137 3439 2342 3523 haec
2404 3442 2684 3523 versio
2749 3466 2934 3522 non
2999 3437 3505 3546 multiplex,
3563 3432 3714 3518 sed
3767 3438 4026 3519 unica
4077 3460 4296 3516 sem-

1490 3576 1649 3675 p'er
1708 3562 1968 3647 fuisse
2025 3591 2130 3647 ex
2192 3568 2390 3676 ipsis
2436 3563 2942 3681 fragmentis
3012 3565 3321 3646 nostris
3374 3559 3798 3677 detegitur
3832 3619 3862 3663 ‚
3896 3560 4083 3668 jure
4119 3584 4299 3642 cre-

1475 3688 1728 3774 'ditur
1765 3750 1792 3795 ‚
1851 3717 2041 3775 eam
2089 3718 2306 3775 saec.
2369 3693 2668 3775 saltem
2716 3687 3101 3774 secundo
3160 3748 3189 3792 ‚
3251 3687 3511 3771 fuisse
3578 3690 4032 3772 communi
4112 3703 4297 3766 stu-

1490 3813 1691 3920 dio,⁴
1751 3846 1799 3903 a
1855 3821 2155 3930 primis
2202 3818 2643 3933 Evangelii
2705 3817 3403 3930 propagatoribus
3450 3819 3542 3896 in
3598 3810 4029 3897 Thebaide
4064 3808 4297 3894 ador-

1490 3961 1847 4045 natam,
1905 3944 1994 4028 &
2057 3972 2291 4027 sacra
2353 3941 2922 4027 Alexandrini
2976 3940 3421 4023 pontificis
3476 3944 3980 4023 auctoritate
4016 3937 4297 4022 firma·

1490 4087 1764 4169 tam„
1823 4123 1848 4146 .
1940 4068 2389 4152 Hactenus
2470 4071 3142 4180 sapientissimus
3226 4065 3762 4182 Augustinus
3853 4065 4298 4148 Antonius

1490 4191 1880 4309 Georgi,
1931 4194 2177 4302 cujus
2213 4253 2242 4299 ,
2300 4196 2551 4278 sicuti
2616 4197 2968 4307 plurimi
3026 4192 3387 4277 facimus
3464 4195 4061 4275 auctoritatem
4101 4249 4129 4295 ‚
4188 4194 4304 4273 ita

1491 4324 2027 4406 sententiam
2084 4317 2191 4403 de
2249 4341 2675 4406 vetustate
2739 4321 3216 4413 Thebaicae
3284 4320 3695 4402 versionis
3785 4321 3979 4401 imis
4074 4342 4306 4430 prae·

1489 4444 1805 4534 cordiis
1860 4446 2584 4557 amplecteremur
2620 4507 2650 4553 9
2724 4450 2887 4529 nisi
2954 4445 3204 4557 plura
3262 4501 3292 4545 ‚
3384 4447 3853 4554 quominus
3923 4470 4084 4557 pro
4146 4443 4302 4526 hac

1491 4572 2029 4656 decertemus
2083 4570 2557 4664 ἅυτοπαθῶς
2593 4632 2623 4673 ,
2689 4575 2873 4659 vim
2937 4572 3183 4652 nobis
3246 4567 3531 4653 facere
3590 4572 4108 4654 sentiremus
4139 4627 4161 4649 .
4198 4568 4300 4651 In

1489 4700 1795 4810 primis
1859 4693 2072 4778 illud
2132 4722 2311 4785 sese
2376 4697 2624 4780 offert
2668 4756 2697 4800 ‚
2756 4693 2989 4807 quod
3047 4698 3433 4806 quisquis
3500 4723 3605 4779 ex
3667 4692 4159 4808 Apostolis‚
4219 4692 4307 4778 ἃ

1490 4822 2051 4936 Evangelistis
2108 4818 2214 4903 ad
2269 4821 2827 4906 scribendum
2892 4842 3290 4906 mentem
3351 4821 3680 4934 appulit
3713 4885 3740 4928 ,
3806 4819 3893 4905 id
3953 4826 4304 4934 praesti-

1489 4952 1602 5033 tit
1636 5006 1665 5049 ‚
1734 4966 1993 5060 prout
2058 4947 2225 5030 fuit
2270 4943 2461 5030 data
2512 4951 2849 5033 occasio
2883 5007 2912 5051 ‚
2944 4974 3041 5030 ac
3094 4977 3182 5031 se
3249 4976 3299 5028 a
3357 4949 3687 5058 Spiritu
3756 4947 4077 5031 Sancto
4158 4951 4308 5032 im·

1492 5076 1839 5188 pulsum
1890 5071 2309 5181 credidit,
2374 5072 2460 5160 ἃ
2516 5093 2973 5189 propterea
3038 5075 3460 5159 librorum
3528 5101 3966 5160 sacrorum
4022 5076 4225 5159 alios
4277 5129 4309 5178 ,

4127 5224 4308 5283 esse
