4913 6618
618 646 798 718 tate
821 653 1029 715 eum
1060 621 1601 743 agnoscimus
1640 680 1665 718 ,
1725 630 1986 734 atque
2010 612 2476 734 probamus
2499 671 2524 698 .
2581 614 3001 705 Harlaeus
3032 604 3142 702 de
3173 522 3436 710 Sa1÷c5i

617 750 1342 873 congregationis
1364 747 1737 835 Oratorii
1797 748 2217 860 presbiter
2249 800 2280 849 ,
2341 770 2451 829 ex
2500 748 2841 832 oriente
2871 745 3094 831 illius
3141 773 3435 836 exem-

619 883 815 999 plar
869 876 1331 993 asportavit
1355 932 1388 983 ,
1449 873 1946 988 publicique
1978 873 2189 983 juris
2217 868 2432 957 fecit
2460 871 2800 956 Parisiis
2867 868 3110 958 anno
3156 901 3188 958 1
3213 876 3430 990 581.

619 1002 1097 1095 consodalis
1148 1001 1331 1113 ejus
1385 999 1792 1086 Morinus
1829 1057 1854 1083 .
1918 996 2071 1085 An
2130 1000 2629 1117 genuinum
2694 995 2920 1085 foret
2975 1002 3210 1085 inter
3239 1024 3437 1085 eru-

616 1128 845 1219 ditos
906 1130 1117 1219 hinc
1149 1185 1183 1235 ‚
1244 1126 1332 1215 ἃ
1384 1123 1594 1213 inde
1646 1119 2129 1213 discussum
2176 1123 2351 1210 fuit
2413 1180 2440 1208 .
2502 1120 2980 1214 Novatores
3027 1122 3437 1211 Photium

617 1258 901 1345 secuti
935 1314 968 1365 ‚
1026 1257 1347 1371 partim
1402 1278 1511 1342 ex
1558 1250 1960 1338 Hebraeo
1993 1308 2026 1357 ‚
2086 1255 2406 1365 partim
2437 1276 2543 1336 ex
2575 1254 2909 1339 Graeco
2952 1245 3438 1339 conflatum

621 1383 1003 1471 habuere
1060 1439 1095 1487 ‚
1156 1398 1416 1493 atque
1471 1405 1525 1463 a
1575 1375 2036 1464 Dosithaeo
2093 1375 2474 1490 quodam
2537 1433 2570 1482 ,
2651 1403 2920 1490 quem
3005 1377 3437 1489 I-lierony-

620 1534 818 1596 mus
908 1512 1008 1593 in
1096 1502 1430 1625 dialogo
1515 1498 1915 1589 adversus
2015 1501 2608 1590 Luciferianos
2699 1501 3434 1591 Samaritanorum

621 1636 1122 1749 principem
1156 1692 1186 1741 ,
1245 1631 1334 1719 ἃ
1386 1626 2012 1741 Prophetarum
2074 1627 2714 1743 repudiatorem
2770 1646 3025 1715 vocat
3075 1686 3107 1734 ‚
3168 1633 3438 1714 inter-

623 1755 1047 1873 pellatum
1144 1770 1715 1844 autumamnt
1768 1812 1797 1838 .
1894 1751 2071 1838 Alii
2168 1780 2277 1842 ex
2363 1752 2719 1843 adverso
2773 1754 3437 1867 parvifacientes

470 1896 477 1903 ’
620 1901 1057 1999 quotquot
1112 1890 1345 1969 inter
1403 1884 1697 1993 ipsum
1730 1935 1761 1984 ‚
1817 1904 1918 1966 ac
1978 1878 2365 1968 Textum
2427 1881 2927 1969 Hebraeum
2955 1896 3437 1970 occurrunt

622 2015 1049 2097 variantes
1077 2062 1109 2109 ‚
1168 2032 1687 2127 germanum
1755 2030 1941 2090 esse
1991 2024 2661 2127 propugnarunt
2693 2065 2723 2111 ‚
2785 2026 3053 2120 atque
3114 2009 3243 2095 his
3274 2004 3434 2093 ad·

617 2133 886 2219 haesit
950 2134 1427 2221 Waltonus
1480 2131 1955 2247 Prolegom.
1992 2146 2112 2215 xl.
2174 2136 2271 2217 in
2335 2133 2602 2219 Biblia
2645 2132 3092 2250 Poliglotta
3126 2192 3148 2216 .
3217 2130 3433 2219 Am·

619 2255 1102 2376 bigendum
1171 2287 1356 2345 non
1441 2277 1571 2343 est
1647 2282 1806 2369 per
1864 2252 1959 2338 id
2013 2284 2365 2372 quoque
2426 2261 2844 2372 temporis
2899 2273 3185 2343 extare
3250 2284 3434 2345 ver-

620 2387 911 2469 siones
977 2385 1544 2473 Pentateuchi
1600 2379 2110 2467 Samaritani
2162 2442 2192 2489 ‚
2252 2385 2609 2472 alteram
2688 2382 3076 2470 Arabicis
3152 2383 3437 2470 chara·-

621 2511 1005 2597 cteribus
1040 2566 1070 2617 ,
1132 2511 1476 2624 phrasi,
1536 2531 1637 2592 ac
1698 2503 2104 2594 idiomate
2160 2508 2782 2596 Samaritanam
2809 2569 2840 2618 ,
2897 2509 3253 2599 alteram
3291 2535 3439 2599 ve-

624 2662 725 2720 ro
791 2635 1161 2753 Syriacis
1194 2694 1227 2744 ,
1289 2662 1445 2722 seu
1500 2626 1946 2720 chaldaicis
2007 2634 2311 2720 litteris
2376 2654 2805 2725 exaratam
2843 2692 2869 2718 .

1813 2888 1898 2997 §.
2020 2883 2108 2971 V
2136 2886 2253 2969 11.
2358 2893 2375 2905 '

1414 3070 1420 3075 -
1466 3136 1604 3220 De
1639 3133 2239 3259 Septuaginta
2291 3134 2550 3222 vit-ali
2569 3194 2595 3220 .

632 3272 825 3470 H
841 3390 1223 3472 istoriam
1273 3387 1694 3473 versionis
1745 3384 2462 3505 septuagintaduo
2527 3389 3119 3504 luten—pretam
3150 3450 3181 3499 ,
3205 3413 3441 3476 com·

632 3517 1026 3600 munitet
1078 3526 1277 3597 Lxx.
1332 3512 1843 3626 appellatam
1874 3569 1905 3617 ,
1969 3542 2141 3625 qua
2200 3512 2310 3600 de
2360 3518 2702 3629 scripsit
2757 3516 3181 3633 Aristaeas
3219 3576 3248 3621 ,
3303 3515 3440 3631 Jo-

534 3637 555 3652 ''
632 3639 946 3754 sephus
976 3695 1007 3744 ,
1066 3635 1311 3722 Philo
1372 3694 1405 3744 ‚
1470 3637 1702 3722 inter
1753 3636 2169 3753 figmenta
2221 3665 2567 3752 prorsus
2632 3631 2992 3748 rejicere
3048 3698 3082 3746 ‚
3141 3668 3444 3728 eorum

622 3783 764 3850 est
827 3769 982 3877 qui
1021 3768 1354 3877 ικμτῶς
1390 3823 1418 3866 ,
1479 3765 1546 3874 ¹3
1572 3758 2098 3873 impsum&
2123 3766 2515 3876 iniquam
2547 3765 2706 3850 sibi
2736 3770 3164 3879 arripiunt
3195 3763 3447 3875 quid-

629 3892 839 3976 libet
907 3913 1221 4003 susque
1284 3885 1570 4001 deque
1615 3885 2017 3977 vertendi
2076 3909 2594 4004 potestatem
2654 3947 2679 3973 .
2739 3891 3182 4003 Ejusmodi
3238 3889 3446 3974 Ari-

629 4017 982 4104 starchis
1033 4041 1336 4104 ansam
1400 4016 1807 4129 praebete
1874 4035 2237 4128 possunt
2271 4076 2302 4121 ‚
2364 4012 2602 4130 quod
2662 4014 2772 4101 ad
2821 4046 3012 4105 rem
3063 4024 3384 4105 attinet
3413 4074 3447 4124 ,

627 4141 999 4262 Scaliger
1065 4145 1164 4228 in
1232 4139 1644 4228 chronic.
1702 4141 2011 4227 Euseb.
2050 4199 2082 4247 ,
2141 4139 2625 4228 Richardus
2656 4141 2958 4230 Simon
2993 4148 3089 4232 in
3116 4147 3439 4230 Histor.

632 4268 854 4354 crit.
915 4266 1025 4355 V.
1093 4268 1204 4355 T.
1246 4323 1277 4372 ,
1339 4263 1775 4355 Henricus
1842 4265 2225 4354 Valesius
2288 4271 2385 4352 in
2438 4269 2687 4358 lib.v.
2721 4268 3013 4368 histor.
3069 4273 3443 4377 Eccles„

631 4394 947 4507 aliique
1010 4398 1174 4481 rati
1224 4388 1562 4481 foetum
1622 4391 1871 4478 illum
1924 4417 2106 4480 esse
2154 4396 2641 4508 cujuspiam
2664 4450 2695 4498 ‚
2753 4413 2906 4480 aut
2964 4421 3441 4511 paucorum

624 4517 1151 4636 Judaeorum
1208 4545 1317 4604 ex
1369 4521 1871 4607 Hellenistis
1904 4575 1939 4625 ‚
2000 4525 2156 4635 qui
2208 4541 2311 4607 ut
2374 4517 2640 4607 fidem
2723 4528 2967 4635 operi
2999 4522 3446 4611 -concilia-

637 4665 839 4730 rent
871 4705 902 4753 ‚
958 4644 1051 4733 ἃ
1102 4665 1308 4735 vota
1363 4646 1835 4733 Ptolomaei
1889 4645 2154 4767 Regis
2239 4645 2350 4734 de
2408 4646 3004 4734 Hebraeorum
3065 4651 3449 4738 volumi·

642 4771 899 4856 nibus
949 4770 1328 4859 Graecae
1382 4771 1729 4892 linguae
1781 4769 2220 4860 tradendis
2250 4833 2287 4881 ‚
2342 4769 2434 4861 ἃ
2505 4777 3007 4861 missionem
3066 4775 3210 4861 cini
3269 4776 3446 4859 τάκ

639 4911 924 4982 Lxxu.
983 4897 1445 4985 Seniorum
1472 4961 1503 5010 ,
1564 4917 2022 4990 annuente
2073 4900 2173 4987 Ρ.
2244 4899 2380 4987 Μ.
2446 4899 2913 5006 Eleazaro,
2972 4898 3246 4991 &alia
3273 4902 3445 4989 huc

640 5028 1120 5137 spectantia
1150 5044 1665 5143 contemptu
1700 5080 1734 5131 ‚
1792 5029 2145 5139 risuque
2170 5023 3030 5236 dignzlrzexcogitarint
3062 5086 3089 5114 .
3149 5026 3398 5174 Opus
3416 5081 3450 5127 ‚

2511 5176 2565 5239 2
3323 5173 3446 5236 sic

624 5229 685 5262 *χ
