<?xml version="1.0" encoding="UTF-8"?>
<!DOCTYPE html PUBLIC "-//W3C//DTD XHTML 1.0 Transitional//EN"
    "http://www.w3.org/TR/xhtml1/DTD/xhtml1-transitional.dtd">
<html xmlns="http://www.w3.org/1999/xhtml" xml:lang="en" lang="en">
 <head>
  <title>
</title>
<meta http-equiv="Content-Type" content="text/html;charset=utf-8" />
  <meta name='ocr-system' content='tesseract 3.04.00' />
  <meta name='ocr-capabilities' content='ocr_page ocr_carea ocr_par ocr_line ocrx_word'/>
</head>
<body>
  <div class='ocr_page' id='page_1' title='image "./deagiographiapr00caragoog_0067.png"; bbox 0 0 4913 6618; ppageno 0'>
   <div class='ocr_carea' id='block_1_1' title="bbox 574 569 3407 780">
    <p class='ocr_par' dir='ltr' id='par_1_1' title="bbox 574 569 3407 780">
     <span class='ocr_line' id='line_1_1' title="bbox 574 569 3407 780; baseline -0.006 -8"><span class='ocrx_word' id='word_1_1' title='bbox 574 713 628 772; x_wconf 84' lang='lat' dir='ltr'><strong>a</strong></span> <span class='ocrx_word' id='word_1_2' title='bbox 705 681 1048 774; x_wconf 88' lang='lat' dir='ltr'><strong>laudato</strong></span> <span class='ocrx_word' id='word_1_3' title='bbox 1107 675 1546 771; x_wconf 88' lang='lat' dir='ltr'><strong>Cardinali</strong></span> <span class='ocrx_word' id='word_1_4' title='bbox 1596 678 2003 766; x_wconf 85' lang='lat' dir='ltr'><strong>Antonio</strong></span> <span class='ocrx_word' id='word_1_5' title='bbox 2057 674 2361 765; x_wconf 82' lang='lat' dir='ltr'>Carasa</span> <span class='ocrx_word' id='word_1_6' title='bbox 2425 700 2635 762; x_wconf 90' lang='lat' dir='ltr'><strong>cum</strong></span> <span class='ocrx_word' id='word_1_7' title='bbox 2662 676 2898 760; x_wconf 88' lang='lat' dir='ltr'><strong>notis</strong></span> <span class='ocrx_word' id='word_1_8' title='bbox 2934 731 2965 780; x_wconf 84' lang='lat'>‚</span> <span class='ocrx_word' id='word_1_9' title='bbox 3025 667 3114 760; x_wconf 75' lang='grc' dir='ltr'>ἃ</span> <span class='ocrx_word' id='word_1_10' title='bbox 3145 569 3407 757; x_wconf 66' lang='grc' dir='ltr'><strong>8εὲοὸ-</strong></span> 
     </span>
    </p>
   </div>
   <div class='ocr_carea' id='block_1_2' title="bbox 579 800 3404 1302">
    <p class='ocr_par' dir='ltr' id='par_1_2' title="bbox 579 800 3404 1302">
     <span class='ocr_line' id='line_1_2' title="bbox 580 800 3404 915; baseline -0.004 -19"><span class='ocrx_word' id='word_1_11' title='bbox 580 812 718 899; x_wconf 86' lang='lat' dir='ltr'><strong>liis</strong></span> <span class='ocrx_word' id='word_1_12' title='bbox 784 813 1102 901; x_wconf 90' lang='lat' dir='ltr'><strong>editam</strong></span> <span class='ocrx_word' id='word_1_13' title='bbox 1134 869 1165 914; x_wconf 88' lang='lat'>‚</span> <span class='ocrx_word' id='word_1_14' title='bbox 1228 809 1700 895; x_wconf 83' lang='lat' dir='ltr'>Flaminius</span> <span class='ocrx_word' id='word_1_15' title='bbox 1764 806 2154 893; x_wconf 83' lang='lat' dir='ltr'><strong>Nobilius</strong></span> <span class='ocrx_word' id='word_1_16' title='bbox 2222 831 2468 890; x_wconf 90' lang='lat' dir='ltr'><strong>anno</strong></span> <span class='ocrx_word' id='word_1_17' title='bbox 2547 803 2817 915; x_wconf 78' lang='lat'><strong>1583.</strong></span> <span class='ocrx_word' id='word_1_18' title='bbox 2894 800 3168 886; x_wconf 87' lang='lat' dir='ltr'><strong>latino</strong></span> <span class='ocrx_word' id='word_1_19' title='bbox 3215 826 3404 885; x_wconf 83' lang='lat' dir='ltr'><strong>ser-</strong></span> 
     </span>
     <span class='ocr_line' id='line_1_3' title="bbox 579 929 3403 1054; baseline -0.004 -29"><span class='ocrx_word' id='word_1_20' title='bbox 579 938 857 1026; x_wconf 79' lang='lat' dir='ltr'><strong>mone</strong></span> <span class='ocrx_word' id='word_1_21' title='bbox 921 939 1299 1054; x_wconf 78' lang='lat' dir='ltr'><strong>vulgavit</strong></span> <span class='ocrx_word' id='word_1_22' title='bbox 1332 994 1362 1040; x_wconf 83' lang='grc'><em>,</em></span> <span class='ocrx_word' id='word_1_23' title='bbox 1426 953 1850 1047; x_wconf 87' lang='lat' dir='ltr'><strong>tantoque</strong></span> <span class='ocrx_word' id='word_1_24' title='bbox 1910 932 2445 1018; x_wconf 87' lang='lat' dir='ltr'><strong>eruditorum</strong></span> <span class='ocrx_word' id='word_1_25' title='bbox 2506 929 2672 1014; x_wconf 86' lang='lat' dir='ltr'><strong>fuit</strong></span> <span class='ocrx_word' id='word_1_26' title='bbox 2730 933 2850 1012; x_wconf 88' lang='lat' dir='ltr'><strong>in.</strong></span> <span class='ocrx_word' id='word_1_27' title='bbox 2891 931 3171 1039; x_wconf 90' lang='lat' dir='ltr'><strong>pretio</strong></span> <span class='ocrx_word' id='word_1_28' title='bbox 3204 985 3234 1031; x_wconf 82' lang='lat'>‚</span> <span class='ocrx_word' id='word_1_29' title='bbox 3297 945 3403 1015; x_wconf 91' lang='lat' dir='ltr'><strong>ut</strong></span> 
     </span>
     <span class='ocr_line' id='line_1_4' title="bbox 586 1054 3399 1178; baseline -0.005 -26"><span class='ocrx_word' id='word_1_30' title='bbox 586 1068 1058 1152; x_wconf 87' lang='lat' dir='ltr'><strong>Waltonus</strong></span> <span class='ocrx_word' id='word_1_31' title='bbox 1118 1065 1287 1146; x_wconf 89' lang='lat' dir='ltr'><strong>suis</strong></span> <span class='ocrx_word' id='word_1_32' title='bbox 1334 1090 1526 1146; x_wconf 92' lang='lat' dir='ltr'><strong>eam</strong></span> <span class='ocrx_word' id='word_1_33' title='bbox 1579 1060 1868 1145; x_wconf 88' lang='lat' dir='ltr'><strong>Bibliis</strong></span> <span class='ocrx_word' id='word_1_34' title='bbox 1914 1059 2413 1178; x_wconf 77' lang='lat' dir='ltr'><strong>polyglottis</strong></span> <span class='ocrx_word' id='word_1_35' title='bbox 2438 1054 2931 1168; x_wconf 82' lang='lat' dir='ltr'><strong>adjunxerit</strong></span> <span class='ocrx_word' id='word_1_36' title='bbox 2965 1112 2990 1136; x_wconf 91' lang='lat'><strong>.</strong></span> <span class='ocrx_word' id='word_1_37' title='bbox 3055 1054 3399 1140; x_wconf 86' lang='lat' dir='ltr'><strong>Utram-</strong></span> 
     </span>
     <span class='ocr_line' id='line_1_5' title="bbox 579 1182 3395 1302; baseline -0.004 -25"><span class='ocrx_word' id='word_1_38' title='bbox 579 1219 754 1302; x_wconf 88' lang='lat' dir='ltr'><strong>que</strong></span> <span class='ocrx_word' id='word_1_39' title='bbox 837 1191 1393 1301; x_wconf 86' lang='lat' dir='ltr'><strong>conjunctim</strong></span> <span class='ocrx_word' id='word_1_40' title='bbox 1480 1184 1907 1273; x_wconf 83' lang='lat' dir='ltr'>edendam</span> <span class='ocrx_word' id='word_1_41' title='bbox 1993 1193 2329 1275; x_wconf 89' lang='lat' dir='ltr'><strong>curavit</strong></span> <span class='ocrx_word' id='word_1_42' title='bbox 2387 1185 2720 1271; x_wconf 89' lang='lat' dir='ltr'><strong>Parisiis</strong></span> <span class='ocrx_word' id='word_1_43' title='bbox 2801 1207 3043 1266; x_wconf 90' lang='lat' dir='ltr'><strong>anno</strong></span> <span class='ocrx_word' id='word_1_44' title='bbox 3123 1182 3395 1265; x_wconf 86' lang='lat'><strong>1628.</strong></span> 
     </span>
    </p>
   </div>
   <div class='ocr_carea' id='block_1_3' title="bbox 566 1305 3496 1433">
    <p class='ocr_par' dir='ltr' id='par_1_3' title="bbox 566 1305 3496 1433">
     <span class='ocr_line' id='line_1_6' title="bbox 566 1305 3496 1433; baseline -0.005 -30"><span class='ocrx_word' id='word_1_45' title='bbox 566 1316 779 1433; x_wconf 89' lang='lat' dir='ltr'><strong>Joan</strong></span> <span class='ocrx_word' id='word_1_46' title='bbox 794 1345 949 1404; x_wconf 88' lang='lat' dir='ltr'><strong>nes</strong></span> <span class='ocrx_word' id='word_1_47' title='bbox 1008 1316 1415 1401; x_wconf 88' lang='lat' dir='ltr'><strong>Morinus</strong></span> <span class='ocrx_word' id='word_1_48' title='bbox 1443 1371 1466 1395; x_wconf 93' lang='lat'><strong>.</strong></span> <span class='ocrx_word' id='word_1_49' title='bbox 1535 1312 1940 1427; x_wconf 82' lang='lat' dir='ltr'><strong>Superest</strong></span> <span class='ocrx_word' id='word_1_50' title='bbox 1991 1333 2092 1400; x_wconf 92' lang='lat' dir='ltr'><strong>ut</strong></span> <span class='ocrx_word' id='word_1_51' title='bbox 2155 1314 2438 1427; x_wconf 87' lang='lat' dir='ltr'><strong>aliqua</strong></span> <span class='ocrx_word' id='word_1_52' title='bbox 2475 1339 2579 1397; x_wconf 80' lang='lat' dir='ltr'><strong>ex</strong></span> <span class='ocrx_word' id='word_1_53' title='bbox 2635 1305 3076 1396; x_wconf 90' lang='lat' dir='ltr'><strong>Bernardo</strong></span> <span class='ocrx_word' id='word_1_54' title='bbox 3108 1306 3399 1425; x_wconf 83' lang='lat' dir='ltr'><strong>Lamy·</strong></span> <span class='ocrx_word' id='word_1_55' title='bbox 3495 1348 3496 1351; x_wconf 11' lang='grc' dir='ltr'><strong><em>κ</em></strong></span> 
     </span>
    </p>
   </div>
   <div class='ocr_carea' id='block_1_4' title="bbox 560 1436 3398 5306">
    <p class='ocr_par' dir='ltr' id='par_1_4' title="bbox 560 1436 3398 5212">
     <span class='ocr_line' id='line_1_7' title="bbox 574 1436 3396 1557; baseline -0.003 -30"><span class='ocrx_word' id='word_1_56' title='bbox 574 1442 723 1527; x_wconf 88' lang='lat' dir='ltr'><strong>lib.</strong></span> <span class='ocrx_word' id='word_1_57' title='bbox 763 1464 856 1528; x_wconf 88' lang='lat'><strong>11.</strong></span> <span class='ocrx_word' id='word_1_58' title='bbox 926 1470 1006 1529; x_wconf 91' lang='lat' dir='ltr'><strong>c.</strong></span> <span class='ocrx_word' id='word_1_59' title='bbox 1063 1475 1092 1526; x_wconf 78' lang='grc' dir='ltr'>ι</span> <span class='ocrx_word' id='word_1_60' title='bbox 1118 1476 1196 1557; x_wconf 84' lang='lat'><strong>3.</strong></span> <span class='ocrx_word' id='word_1_61' title='bbox 1236 1439 1344 1525; x_wconf 91' lang='lat' dir='ltr'><strong>de</strong></span> <span class='ocrx_word' id='word_1_62' title='bbox 1365 1439 1867 1557; x_wconf 84' lang='lat' dir='ltr'><strong>Polyglottis</strong></span> <span class='ocrx_word' id='word_1_63' title='bbox 1900 1436 2400 1550; x_wconf 90' lang='lat' dir='ltr'><strong>adjiciamus</strong></span> <span class='ocrx_word' id='word_1_64' title='bbox 2439 1497 2460 1521; x_wconf 97' lang='lat'><strong>.</strong></span> <span class='ocrx_word' id='word_1_65' title='bbox 2529 1438 2834 1550; x_wconf 82' lang='lat' dir='ltr'><strong>Nuper</strong></span> <span class='ocrx_word' id='word_1_66' title='bbox 2866 1449 3396 1519; x_wconf 87' lang='lat' dir='ltr'><strong>memoratus</strong></span> 
     </span>
     <span class='ocr_line' id='line_1_8' title="bbox 576 1562 3393 1683; baseline -0.004 -27"><span class='ocrx_word' id='word_1_67' title='bbox 576 1568 1299 1683; x_wconf 89' lang='lat' dir='ltr'><strong>Archiepiscopus</strong></span> <span class='ocrx_word' id='word_1_68' title='bbox 1343 1567 1813 1651; x_wconf 89' lang='lat' dir='ltr'><strong>Toletanus</strong></span> <span class='ocrx_word' id='word_1_69' title='bbox 1864 1569 2371 1653; x_wconf 88' lang='lat' dir='ltr'><strong>Franciscus</strong></span> <span class='ocrx_word' id='word_1_70' title='bbox 2408 1562 2891 1651; x_wconf 88' lang='lat' dir='ltr'><strong>Cardinalis</strong></span> <span class='ocrx_word' id='word_1_71' title='bbox 2922 1562 3393 1667; x_wconf 87' lang='lat' dir='ltr'><strong>Ximenes,</strong></span> 
     </span>
     <span class='ocr_line' id='line_1_9' title="bbox 576 1688 3396 1809; baseline -0.002 -29"><span class='ocrx_word' id='word_1_72' title='bbox 576 1724 760 1782; x_wconf 87' lang='lat' dir='ltr'><strong>una</strong></span> <span class='ocrx_word' id='word_1_73' title='bbox 824 1724 1031 1782; x_wconf 91' lang='lat' dir='ltr'><strong>cum</strong></span> <span class='ocrx_word' id='word_1_74' title='bbox 1100 1689 1606 1807; x_wconf 87' lang='lat' dir='ltr'><strong>quibusdam</strong></span> <span class='ocrx_word' id='word_1_75' title='bbox 1700 1690 2128 1805; x_wconf 90' lang='lat' dir='ltr'><strong>perdoctis</strong></span> <span class='ocrx_word' id='word_1_76' title='bbox 2218 1693 2675 1809; x_wconf 81' lang='lat' dir='ltr'><strong>Theologis</strong></span> <span class='ocrx_word' id='word_1_77' title='bbox 2741 1688 3396 1799; x_wconf 78' lang='lat' dir='ltr'><strong>complutensis</strong></span> 
     </span>
     <span class='ocr_line' id='line_1_10' title="bbox 577 1818 3394 1933; baseline -0.003 -25"><span class='ocrx_word' id='word_1_78' title='bbox 577 1820 1100 1909; x_wconf 79' lang='lat' dir='ltr'>Academiae</span> <span class='ocrx_word' id='word_1_79' title='bbox 1135 1880 1164 1925; x_wconf 82' lang='grc'>,</span> <span class='ocrx_word' id='word_1_80' title='bbox 1226 1820 1495 1904; x_wconf 90' lang='lat' dir='ltr'><strong>Biblia</strong></span> <span class='ocrx_word' id='word_1_81' title='bbox 1526 1818 2183 1933; x_wconf 88' lang='lat' dir='ltr'><strong>Complutensia</strong></span> <span class='ocrx_word' id='word_1_82' title='bbox 2262 1820 2557 1932; x_wconf 90' lang='lat' dir='ltr'><strong>praelo</strong></span> <span class='ocrx_word' id='word_1_83' title='bbox 2645 1818 3082 1903; x_wconf 89' lang='lat' dir='ltr'><strong>commisit</strong></span> <span class='ocrx_word' id='word_1_84' title='bbox 3148 1844 3394 1900; x_wconf 91' lang='lat' dir='ltr'><strong>anno</strong></span> 
     </span>
     <span class='ocr_line' id='line_1_11' title="bbox 590 1939 3397 2062; baseline -0.001 -30"><span class='ocrx_word' id='word_1_85' title='bbox 590 1976 696 2061; x_wconf 79' lang='lat'><strong>15</strong></span> <span class='ocrx_word' id='word_1_86' title='bbox 727 1976 864 2062; x_wconf 82' lang='lat'><strong>15.</strong></span> <span class='ocrx_word' id='word_1_87' title='bbox 929 1949 1169 2032; x_wconf 90' lang='lat' dir='ltr'><strong>Haec</strong></span> <span class='ocrx_word' id='word_1_88' title='bbox 1236 1972 1380 2029; x_wconf 80' lang='lat' dir='ltr'><strong>sex</strong></span> <span class='ocrx_word' id='word_1_89' title='bbox 1465 1946 1766 2033; x_wconf 87' lang='lat' dir='ltr'><strong>Tomis</strong></span> <span class='ocrx_word' id='word_1_90' title='bbox 1834 1947 2458 2058; x_wconf 86' lang='lat' dir='ltr'><strong>comprehensa</strong></span> <span class='ocrx_word' id='word_1_91' title='bbox 2518 1945 2991 2029; x_wconf 89' lang='lat' dir='ltr'><strong>continent</strong></span> <span class='ocrx_word' id='word_1_92' title='bbox 3056 1939 3397 2028; x_wconf 82' lang='lat' dir='ltr'><strong>Veteris</strong></span> 
     </span>
     <span class='ocr_line' id='line_1_12' title="bbox 574 2067 3396 2185; baseline -0.001 -27"><span class='ocrx_word' id='word_1_93' title='bbox 574 2074 1118 2158; x_wconf 83' lang='lat' dir='ltr'><strong>Testamenti</strong></span> <span class='ocrx_word' id='word_1_94' title='bbox 1196 2069 1578 2156; x_wconf 83' lang='lat' dir='ltr'><strong>Textum</strong></span> <span class='ocrx_word' id='word_1_95' title='bbox 1641 2072 2171 2157; x_wconf 87' lang='lat' dir='ltr'><strong>Hebraicum</strong></span> <span class='ocrx_word' id='word_1_96' title='bbox 2208 2130 2238 2177; x_wconf 83' lang='lat'>‚</span> <span class='ocrx_word' id='word_1_97' title='bbox 2298 2070 2386 2158; x_wconf 75' lang='grc' dir='ltr'>ἅ</span> <span class='ocrx_word' id='word_1_98' title='bbox 2438 2068 2893 2185; x_wconf 85' lang='lat' dir='ltr'><strong>Vulgatam</strong></span> <span class='ocrx_word' id='word_1_99' title='bbox 2925 2067 3181 2151; x_wconf 87' lang='lat' dir='ltr'><strong>Latin</strong></span> <span class='ocrx_word' id='word_1_100' title='bbox 3193 2097 3334 2154; x_wconf 92' lang='lat' dir='ltr'><strong>am</strong></span> <span class='ocrx_word' id='word_1_101' title='bbox 3364 2129 3396 2176; x_wconf 90' lang='lat'>‚</span> 
     </span>
     <span class='ocr_line' id='line_1_13' title="bbox 572 2190 3397 2314; baseline -0.002 -29"><span class='ocrx_word' id='word_1_102' title='bbox 572 2196 1088 2284; x_wconf 89' lang='lat' dir='ltr'><strong>Versionem</strong></span> <span class='ocrx_word' id='word_1_103' title='bbox 1145 2214 1346 2281; x_wconf 83' lang='lat' dir='ltr'><strong>LXX.</strong></span> <span class='ocrx_word' id='word_1_104' title='bbox 1384 2256 1414 2301; x_wconf 85' lang='lat'>‚</span> <span class='ocrx_word' id='word_1_105' title='bbox 1476 2195 1565 2283; x_wconf 72' lang='grc' dir='ltr'>ἃ</span> <span class='ocrx_word' id='word_1_106' title='bbox 1609 2195 2034 2281; x_wconf 84' lang='lat' dir='ltr'><strong>Onkelosi</strong></span> <span class='ocrx_word' id='word_1_107' title='bbox 2102 2199 2494 2314; x_wconf 67' lang='lat' dir='ltr'><strong>Targum</strong></span> <span class='ocrx_word' id='word_1_108' title='bbox 2557 2251 2589 2300; x_wconf 81' lang='lat'><strong>,</strong></span> <span class='ocrx_word' id='word_1_109' title='bbox 2651 2190 2873 2276; x_wconf 89' lang='lat' dir='ltr'><strong>idest</strong></span> <span class='ocrx_word' id='word_1_110' title='bbox 2932 2193 3397 2305; x_wconf 85' lang='lat' dir='ltr'><strong>Paraphra-</strong></span> 
     </span>
     <span class='ocr_line' id='line_1_14' title="bbox 574 2317 3392 2425; baseline -0 -19"><span class='ocrx_word' id='word_1_111' title='bbox 574 2327 741 2409; x_wconf 90' lang='lat' dir='ltr'><strong>sim</strong></span> <span class='ocrx_word' id='word_1_112' title='bbox 794 2320 1340 2407; x_wconf 85' lang='lat' dir='ltr'>Chaldaicam</span> <span class='ocrx_word' id='word_1_113' title='bbox 1392 2350 1604 2408; x_wconf 92' lang='lat' dir='ltr'><strong>cum</strong></span> <span class='ocrx_word' id='word_1_114' title='bbox 1659 2324 2190 2409; x_wconf 84' lang='lat' dir='ltr'><strong>versionibus</strong></span> <span class='ocrx_word' id='word_1_115' title='bbox 2245 2324 2534 2406; x_wconf 90' lang='lat' dir='ltr'><strong>latinis</strong></span> <span class='ocrx_word' id='word_1_116' title='bbox 2601 2377 2634 2425; x_wconf 85' lang='lat'><strong>,</strong></span> <span class='ocrx_word' id='word_1_117' title='bbox 2719 2317 3392 2405; x_wconf 79' lang='lat' dir='ltr'><strong>Testamentum</strong></span> 
     </span>
     <span class='ocr_line' id='line_1_15' title="bbox 573 2444 3393 2560; baseline -0.001 -28"><span class='ocrx_word' id='word_1_118' title='bbox 573 2445 934 2534; x_wconf 88' lang='lat' dir='ltr'><strong>Novum</strong></span> <span class='ocrx_word' id='word_1_119' title='bbox 998 2444 1789 2533; x_wconf 89' lang='lat' dir='ltr'><strong>Graeco-Latinum</strong></span> <span class='ocrx_word' id='word_1_120' title='bbox 1824 2507 1854 2552; x_wconf 85' lang='lat'>‚</span> <span class='ocrx_word' id='word_1_121' title='bbox 1916 2447 2004 2535; x_wconf 72' lang='grc' dir='ltr'>ἃ</span> <span class='ocrx_word' id='word_1_122' title='bbox 2057 2465 2556 2560; x_wconf 90' lang='lat' dir='ltr'><strong>apparatum</strong></span> <span class='ocrx_word' id='word_1_123' title='bbox 2606 2503 2638 2549; x_wconf 87' lang='lat'><strong>,</strong></span> <span class='ocrx_word' id='word_1_124' title='bbox 2726 2447 2820 2527; x_wconf 93' lang='lat' dir='ltr'><strong>in</strong></span> <span class='ocrx_word' id='word_1_125' title='bbox 2894 2471 3071 2556; x_wconf 88' lang='lat' dir='ltr'><strong>quo</strong></span> <span class='ocrx_word' id='word_1_126' title='bbox 3125 2472 3393 2555; x_wconf 91' lang='lat' dir='ltr'><strong>quae-</strong></span> 
     </span>
     <span class='ocr_line' id='line_1_16' title="bbox 575 2570 3395 2692; baseline -0.001 -33"><span class='ocrx_word' id='word_1_127' title='bbox 575 2572 775 2660; x_wconf 86' lang='lat' dir='ltr'><strong>dam</strong></span> <span class='ocrx_word' id='word_1_128' title='bbox 844 2571 1475 2659; x_wconf 89' lang='lat' dir='ltr'><strong>Grammaticae</strong></span> <span class='ocrx_word' id='word_1_129' title='bbox 1503 2632 1532 2677; x_wconf 84' lang='lat'><strong>,</strong></span> <span class='ocrx_word' id='word_1_130' title='bbox 1595 2573 1911 2692; x_wconf 82' lang='lat' dir='ltr'><strong>Lexica</strong></span> <span class='ocrx_word' id='word_1_131' title='bbox 1938 2633 1966 2678; x_wconf 83' lang='lat'>‚</span> <span class='ocrx_word' id='word_1_132' title='bbox 2028 2572 2117 2660; x_wconf 76' lang='grc' dir='ltr'>ἅ</span> <span class='ocrx_word' id='word_1_133' title='bbox 2170 2572 2506 2659; x_wconf 89' lang='lat' dir='ltr'><strong>Indices</strong></span> <span class='ocrx_word' id='word_1_134' title='bbox 2542 2631 2565 2656; x_wconf 93' lang='lat'><strong>.</strong></span> <span class='ocrx_word' id='word_1_135' title='bbox 2634 2570 2943 2655; x_wconf 87' lang='lat' dir='ltr'><strong>Multis</strong></span> <span class='ocrx_word' id='word_1_136' title='bbox 2993 2574 3395 2657; x_wconf 90' lang='lat' dir='ltr'><strong>accessio·</strong></span> 
     </span>
     <span class='ocr_line' id='line_1_17' title="bbox 576 2696 3390 2813; baseline -0 -27"><span class='ocrx_word' id='word_1_137' title='bbox 576 2702 836 2786; x_wconf 89' lang='lat' dir='ltr'><strong>nibus</strong></span> <span class='ocrx_word' id='word_1_138' title='bbox 870 2757 903 2802; x_wconf 84' lang='lat'><strong>‚</strong></span> <span class='ocrx_word' id='word_1_139' title='bbox 962 2697 1051 2785; x_wconf 72' lang='grc' dir='ltr'>ἃ</span> <span class='ocrx_word' id='word_1_140' title='bbox 1111 2701 1451 2782; x_wconf 90' lang='lat' dir='ltr'><strong>chartae</strong></span> <span class='ocrx_word' id='word_1_141' title='bbox 1483 2757 1512 2802; x_wconf 83' lang='grc'>,</span> <span class='ocrx_word' id='word_1_142' title='bbox 1574 2715 1833 2811; x_wconf 86' lang='lat' dir='ltr'><strong>atque</strong></span> <span class='ocrx_word' id='word_1_143' title='bbox 1900 2703 2485 2787; x_wconf 89' lang='lat' dir='ltr'>characterum</span> <span class='ocrx_word' id='word_1_144' title='bbox 2553 2696 3013 2813; x_wconf 86' lang='lat' dir='ltr'><strong>splendore</strong></span> <span class='ocrx_word' id='word_1_145' title='bbox 3081 2757 3111 2802; x_wconf 85' lang='lat'>‚</span> <span class='ocrx_word' id='word_1_146' title='bbox 3187 2699 3390 2787; x_wconf 90' lang='lat' dir='ltr'><strong>illu-</strong></span> 
     </span>
     <span class='ocr_line' id='line_1_18' title="bbox 574 2822 3392 2942; baseline 0 -32"><span class='ocrx_word' id='word_1_147' title='bbox 574 2829 877 2911; x_wconf 89' lang='lat' dir='ltr'><strong>striora</strong></span> <span class='ocrx_word' id='word_1_148' title='bbox 933 2841 1142 2907; x_wconf 87' lang='lat' dir='ltr'><strong>sunt</strong></span> <span class='ocrx_word' id='word_1_149' title='bbox 1220 2825 1696 2940; x_wconf 75' lang='lat' dir='ltr'><strong>polyglotta</strong></span> <span class='ocrx_word' id='word_1_150' title='bbox 1759 2828 2230 2940; x_wconf 86' lang='lat' dir='ltr'><strong>Hispanica</strong></span> <span class='ocrx_word' id='word_1_151' title='bbox 2297 2824 2979 2937; x_wconf 88' lang='lat' dir='ltr'><strong>Antverpiensia</strong></span> <span class='ocrx_word' id='word_1_152' title='bbox 3044 2822 3323 2942; x_wconf 79' lang='lat' dir='ltr'><strong>Regia</strong></span> <span class='ocrx_word' id='word_1_153' title='bbox 3358 2886 3392 2934; x_wconf 87' lang='lat'>,</span> 
     </span>
     <span class='ocr_line' id='line_1_19' title="bbox 573 2950 3389 3068; baseline -0.001 -31"><span class='ocrx_word' id='word_1_154' title='bbox 573 2951 1060 3063; x_wconf 85' lang='lat' dir='ltr'><strong>sumptibus</strong></span> <span class='ocrx_word' id='word_1_155' title='bbox 1112 2951 1486 3062; x_wconf 87' lang='lat' dir='ltr'><strong>Philippi</strong></span> <span class='ocrx_word' id='word_1_156' title='bbox 1551 2951 1650 3032; x_wconf 91' lang='lat' dir='ltr'><strong>II.</strong></span> <span class='ocrx_word' id='word_1_157' title='bbox 1716 2950 1977 3068; x_wconf 82' lang='lat' dir='ltr'><strong>Regis</strong></span> <span class='ocrx_word' id='word_1_158' title='bbox 2048 2955 2664 3064; x_wconf 87' lang='lat' dir='ltr'><strong>Hispaniarum</strong></span> <span class='ocrx_word' id='word_1_159' title='bbox 2703 3009 2735 3055; x_wconf 83' lang='grc'>,</span> <span class='ocrx_word' id='word_1_160' title='bbox 2797 2966 3161 3037; x_wconf 90' lang='lat' dir='ltr'><strong>curante</strong></span> <span class='ocrx_word' id='word_1_161' title='bbox 3215 2952 3389 3035; x_wconf 90' lang='lat' dir='ltr'><strong>Be-</strong></span> 
     </span>
     <span class='ocr_line' id='line_1_20' title="bbox 575 3073 3391 3181; baseline 0 -18"><span class='ocrx_word' id='word_1_162' title='bbox 575 3074 936 3163; x_wconf 88' lang='lat' dir='ltr'><strong>nedicto</strong></span> <span class='ocrx_word' id='word_1_163' title='bbox 993 3075 1203 3160; x_wconf 88' lang='lat' dir='ltr'><strong>Aria</strong></span> <span class='ocrx_word' id='word_1_164' title='bbox 1267 3075 1708 3160; x_wconf 88' lang='lat' dir='ltr'><strong>Montano</strong></span> <span class='ocrx_word' id='word_1_165' title='bbox 1774 3135 1806 3181; x_wconf 83' lang='grc'>,</span> <span class='ocrx_word' id='word_1_166' title='bbox 1900 3095 2100 3163; x_wconf 90' lang='lat' dir='ltr'><strong>octo</strong></span> <span class='ocrx_word' id='word_1_167' title='bbox 2155 3081 2417 3162; x_wconf 90' lang='lat' dir='ltr'><strong>tomis</strong></span> <span class='ocrx_word' id='word_1_168' title='bbox 2483 3075 2713 3163; x_wconf 90' lang='lat' dir='ltr'><strong>edita</strong></span> <span class='ocrx_word' id='word_1_169' title='bbox 2769 3102 3011 3161; x_wconf 88' lang='lat' dir='ltr'><strong>anno</strong></span> <span class='ocrx_word' id='word_1_170' title='bbox 3069 3073 3391 3163; x_wconf 88' lang='lat' dir='ltr'><strong>Christi</strong></span> 
     </span>
     <span class='ocr_line' id='line_1_21' title="bbox 588 3201 3389 3322; baseline -0 -33"><span class='ocrx_word' id='word_1_171' title='bbox 588 3235 626 3289; x_wconf 87' lang='lat'>1</span> <span class='ocrx_word' id='word_1_172' title='bbox 653 3233 936 3318; x_wconf 84' lang='lat'><strong>571.;</strong></span> <span class='ocrx_word' id='word_1_173' title='bbox 999 3203 1149 3286; x_wconf 90' lang='lat' dir='ltr'><strong>ubi</strong></span> <span class='ocrx_word' id='word_1_174' title='bbox 1212 3221 1647 3315; x_wconf 81' lang='lat' dir='ltr'><strong>praeterea</strong></span> <span class='ocrx_word' id='word_1_175' title='bbox 1704 3205 2294 3291; x_wconf 88' lang='lat' dir='ltr'><strong>inveniuntur</strong></span> <span class='ocrx_word' id='word_1_176' title='bbox 2347 3204 2734 3322; x_wconf 82' lang='lat' dir='ltr'><strong>Targum</strong></span> <span class='ocrx_word' id='word_1_177' title='bbox 2770 3262 2799 3307; x_wconf 82' lang='lat'>‚</span> <span class='ocrx_word' id='word_1_178' title='bbox 2862 3206 3044 3291; x_wconf 90' lang='lat' dir='ltr'><strong>sive</strong></span> <span class='ocrx_word' id='word_1_179' title='bbox 3126 3201 3389 3288; x_wconf 88' lang='lat' dir='ltr'><strong>Para-</strong></span> 
     </span>
     <span class='ocr_line' id='line_1_22' title="bbox 573 3325 3390 3445; baseline 0.001 -31"><span class='ocrx_word' id='word_1_180' title='bbox 573 3331 899 3445; x_wconf 86' lang='lat' dir='ltr'><strong>phrasis</strong></span> <span class='ocrx_word' id='word_1_181' title='bbox 956 3325 1408 3414; x_wconf 89' lang='lat' dir='ltr'><strong>Chaldaica</strong></span> <span class='ocrx_word' id='word_1_182' title='bbox 1471 3334 1566 3413; x_wconf 92' lang='lat' dir='ltr'><strong>in</strong></span> <span class='ocrx_word' id='word_1_183' title='bbox 1636 3330 2068 3443; x_wconf 89' lang='lat' dir='ltr'><strong>reliquum</strong></span> <span class='ocrx_word' id='word_1_184' title='bbox 2131 3332 2408 3418; x_wconf 90' lang='lat' dir='ltr'><strong>Vetus</strong></span> <span class='ocrx_word' id='word_1_185' title='bbox 2461 3332 3133 3416; x_wconf 88' lang='lat' dir='ltr'><strong>Testamentum</strong></span> <span class='ocrx_word' id='word_1_186' title='bbox 3180 3357 3390 3418; x_wconf 89' lang='lat' dir='ltr'><strong>cum</strong></span> 
     </span>
     <span class='ocr_line' id='line_1_23' title="bbox 579 3452 3392 3573; baseline -0 -29"><span class='ocrx_word' id='word_1_187' title='bbox 579 3460 988 3544; x_wconf 80' lang='lat' dir='ltr'><strong>versione</strong></span> <span class='ocrx_word' id='word_1_188' title='bbox 1053 3456 1318 3538; x_wconf 90' lang='lat' dir='ltr'><strong>latina</strong></span> <span class='ocrx_word' id='word_1_189' title='bbox 1372 3505 1412 3559; x_wconf 74' lang='lat'>9</span> <span class='ocrx_word' id='word_1_190' title='bbox 1501 3452 1808 3540; x_wconf 90' lang='lat' dir='ltr'><strong>Versio</strong></span> <span class='ocrx_word' id='word_1_191' title='bbox 1869 3459 2448 3544; x_wconf 81' lang='lat' dir='ltr'><strong>interlinearis</strong></span> <span class='ocrx_word' id='word_1_192' title='bbox 2508 3456 2622 3544; x_wconf 92' lang='lat' dir='ltr'><strong>V.</strong></span> <span class='ocrx_word' id='word_1_193' title='bbox 2671 3458 2778 3548; x_wconf 88' lang='lat' dir='ltr'><strong>T.</strong></span> <span class='ocrx_word' id='word_1_194' title='bbox 2838 3458 3185 3573; x_wconf 88' lang='lat' dir='ltr'><strong>speciali</strong></span> <span class='ocrx_word' id='word_1_195' title='bbox 3262 3475 3392 3543; x_wconf 90' lang='lat' dir='ltr'><strong>to-</strong></span> 
     </span>
     <span class='ocr_line' id='line_1_24' title="bbox 575 3579 3391 3703; baseline -0 -36"><span class='ocrx_word' id='word_1_196' title='bbox 575 3608 727 3667; x_wconf 91' lang='lat' dir='ltr'><strong>mo</strong></span> <span class='ocrx_word' id='word_1_197' title='bbox 760 3639 790 3685; x_wconf 82' lang='lat'>‚</span> <span class='ocrx_word' id='word_1_198' title='bbox 852 3579 940 3667; x_wconf 71' lang='lat'><strong>81</strong></span> <span class='ocrx_word' id='word_1_199' title='bbox 1004 3580 1116 3664; x_wconf 89' lang='lat' dir='ltr'><strong>N.</strong></span> <span class='ocrx_word' id='word_1_200' title='bbox 1176 3581 1283 3669; x_wconf 89' lang='lat' dir='ltr'><strong>T.</strong></span> <span class='ocrx_word' id='word_1_201' title='bbox 1350 3582 1629 3667; x_wconf 90' lang='lat' dir='ltr'><strong>versio</strong></span> <span class='ocrx_word' id='word_1_202' title='bbox 1676 3580 2023 3698; x_wconf 88' lang='lat' dir='ltr'><strong>Syriaca</strong></span> <span class='ocrx_word' id='word_1_203' title='bbox 2074 3609 2466 3697; x_wconf 81' lang='lat' dir='ltr'><strong>expressa</strong></span> <span class='ocrx_word' id='word_1_204' title='bbox 2517 3588 2834 3670; x_wconf 88' lang='lat' dir='ltr'><strong>nativis</strong></span> <span class='ocrx_word' id='word_1_205' title='bbox 2866 3642 2898 3689; x_wconf 85' lang='grc'>,</span> <span class='ocrx_word' id='word_1_206' title='bbox 2959 3581 3178 3669; x_wconf 90' lang='lat' dir='ltr'><strong>idest</strong></span> <span class='ocrx_word' id='word_1_207' title='bbox 3238 3582 3391 3703; x_wconf 85' lang='lat' dir='ltr'><strong>Sy·-</strong></span> 
     </span>
     <span class='ocr_line' id='line_1_25' title="bbox 571 3704 3394 3823; baseline 0 -33"><span class='ocrx_word' id='word_1_208' title='bbox 571 3709 823 3792; x_wconf 87' lang='lat' dir='ltr'><strong>riacis</strong></span> <span class='ocrx_word' id='word_1_209' title='bbox 860 3766 890 3812; x_wconf 83' lang='grc'><em>,</em></span> <span class='ocrx_word' id='word_1_210' title='bbox 957 3706 1042 3792; x_wconf 73' lang='grc' dir='ltr'>ἃ</span> <span class='ocrx_word' id='word_1_211' title='bbox 1104 3707 1548 3791; x_wconf 88' lang='lat' dir='ltr'><strong>Hebraicis</strong></span> <span class='ocrx_word' id='word_1_212' title='bbox 1615 3708 1870 3792; x_wconf 89' lang='lat' dir='ltr'><strong>simul</strong></span> <span class='ocrx_word' id='word_1_213' title='bbox 1928 3711 2230 3792; x_wconf 89' lang='lat' dir='ltr'><strong>litteris</strong></span> <span class='ocrx_word' id='word_1_214' title='bbox 2284 3765 2309 3789; x_wconf 93' lang='lat'><strong>.</strong></span> <span class='ocrx_word' id='word_1_215' title='bbox 2373 3704 2889 3794; x_wconf 89' lang='lat' dir='ltr'><strong>Versionem</strong></span> <span class='ocrx_word' id='word_1_216' title='bbox 2942 3709 3176 3791; x_wconf 88' lang='lat' dir='ltr'><strong>illam</strong></span> <span class='ocrx_word' id='word_1_217' title='bbox 3235 3707 3394 3823; x_wconf 85' lang='lat' dir='ltr'><strong>sy-</strong></span> 
     </span>
     <span class='ocr_line' id='line_1_26' title="bbox 570 3832 3388 3945; baseline 0.002 -29"><span class='ocrx_word' id='word_1_218' title='bbox 570 3835 824 3917; x_wconf 85' lang='lat' dir='ltr'><strong>riacis</strong></span> <span class='ocrx_word' id='word_1_219' title='bbox 868 3833 1486 3918; x_wconf 89' lang='lat' dir='ltr'><strong>characteribus</strong></span> <span class='ocrx_word' id='word_1_220' title='bbox 1546 3837 1933 3945; x_wconf 88' lang='lat' dir='ltr'><strong>primum</strong></span> <span class='ocrx_word' id='word_1_221' title='bbox 2014 3833 2395 3920; x_wconf 86' lang='lat' dir='ltr'><strong>ediderat</strong></span> <span class='ocrx_word' id='word_1_222' title='bbox 2482 3834 2892 3920; x_wconf 91' lang='lat' dir='ltr'><strong>Viennae</strong></span> <span class='ocrx_word' id='word_1_223' title='bbox 2974 3832 3388 3922; x_wconf 86' lang='lat' dir='ltr'><strong>Albertus</strong></span> 
     </span>
     <span class='ocr_line' id='line_1_27' title="bbox 577 3956 3385 4073; baseline 0.002 -31"><span class='ocrx_word' id='word_1_224' title='bbox 577 3956 1405 4043; x_wconf 88' lang='lat' dir='ltr'><strong>Widmanstandius</strong></span> <span class='ocrx_word' id='word_1_225' title='bbox 1498 3957 2030 4046; x_wconf 87' lang='lat' dir='ltr'><strong>Ferdinandi</strong></span> <span class='ocrx_word' id='word_1_226' title='bbox 2108 3962 2650 4073; x_wconf 88' lang='lat' dir='ltr'><strong>Imperatoris</strong></span> <span class='ocrx_word' id='word_1_227' title='bbox 2722 3961 3305 4049; x_wconf 79' lang='lat' dir='ltr'><strong>cancellarius</strong></span> <span class='ocrx_word' id='word_1_228' title='bbox 3360 4021 3385 4048; x_wconf 90' lang='lat'><strong>.</strong></span> 
     </span>
     <span class='ocr_line' id='line_1_28' title="bbox 569 4081 3390 4199; baseline 0.001 -29"><span class='ocrx_word' id='word_1_229' title='bbox 569 4081 969 4170; x_wconf 88' lang='lat' dir='ltr'><strong>Eandem</strong></span> <span class='ocrx_word' id='word_1_230' title='bbox 1030 4087 1459 4169; x_wconf 90' lang='lat' dir='ltr'><strong>Hebraico</strong></span> <span class='ocrx_word' id='word_1_231' title='bbox 1515 4085 2000 4172; x_wconf 85' lang='lat' dir='ltr'><strong>charactere</strong></span> <span class='ocrx_word' id='word_1_232' title='bbox 2062 4089 2476 4199; x_wconf 86' lang='lat' dir='ltr'><strong>expressit</strong></span> <span class='ocrx_word' id='word_1_233' title='bbox 2537 4148 2568 4196; x_wconf 88' lang='lat'><strong>,</strong></span> <span class='ocrx_word' id='word_1_234' title='bbox 2653 4086 2740 4174; x_wconf 74' lang='grc' dir='ltr'>ἃ</span> <span class='ocrx_word' id='word_1_235' title='bbox 2804 4091 2899 4171; x_wconf 92' lang='lat' dir='ltr'><strong>in</strong></span> <span class='ocrx_word' id='word_1_236' title='bbox 2966 4089 3390 4175; x_wconf 90' lang='lat' dir='ltr'><strong>Latinum</strong></span> 
     </span>
     <span class='ocr_line' id='line_1_29' title="bbox 569 4208 3396 4325; baseline 0.001 -29"><span class='ocrx_word' id='word_1_237' title='bbox 569 4214 1020 4300; x_wconf 82' lang='lat' dir='ltr'><strong>convertit</strong></span> <span class='ocrx_word' id='word_1_238' title='bbox 1074 4208 1363 4297; x_wconf 90' lang='lat' dir='ltr'><strong>Guido</strong></span> <span class='ocrx_word' id='word_1_239' title='bbox 1416 4211 1850 4297; x_wconf 87' lang='lat' dir='ltr'><strong>Fabricius</strong></span> <span class='ocrx_word' id='word_1_240' title='bbox 1915 4210 2444 4298; x_wconf 82' lang='lat' dir='ltr'><strong>Bodetianus</strong></span> <span class='ocrx_word' id='word_1_241' title='bbox 2506 4272 2536 4318; x_wconf 81' lang='grc'><em>,</em></span> <span class='ocrx_word' id='word_1_242' title='bbox 2599 4240 2821 4325; x_wconf 91' lang='lat' dir='ltr'><strong>quae</strong></span> <span class='ocrx_word' id='word_1_243' title='bbox 2903 4218 3204 4300; x_wconf 87' lang='lat' dir='ltr'><strong>omnia</strong></span> <span class='ocrx_word' id='word_1_244' title='bbox 3265 4215 3396 4299; x_wconf 78' lang='lat' dir='ltr'><strong>ha·</strong></span> 
     </span>
     <span class='ocr_line' id='line_1_30' title="bbox 572 4333 3392 4453; baseline 0.001 -33"><span class='ocrx_word' id='word_1_245' title='bbox 572 4336 904 4424; x_wconf 80' lang='lat' dir='ltr'><strong>hentur</strong></span> <span class='ocrx_word' id='word_1_246' title='bbox 967 4340 1065 4420; x_wconf 88' lang='lat' dir='ltr'><strong>in</strong></span> <span class='ocrx_word' id='word_1_247' title='bbox 1136 4333 1385 4424; x_wconf 89' lang='lat' dir='ltr'><strong>dictis</strong></span> <span class='ocrx_word' id='word_1_248' title='bbox 1429 4336 1718 4420; x_wconf 90' lang='lat' dir='ltr'><strong>Bibliis</strong></span> <span class='ocrx_word' id='word_1_249' title='bbox 1768 4339 2065 4453; x_wconf 83' lang='lat' dir='ltr'><strong>Regiis</strong></span> <span class='ocrx_word' id='word_1_250' title='bbox 2116 4398 2146 4445; x_wconf 82' lang='lat'>‚</span> <span class='ocrx_word' id='word_1_251' title='bbox 2209 4341 2309 4421; x_wconf 90' lang='lat' dir='ltr'><strong>iis</strong></span> <span class='ocrx_word' id='word_1_252' title='bbox 2366 4341 2747 4452; x_wconf 74' lang='lat' dir='ltr'><strong>excepfis</strong></span> <span class='ocrx_word' id='word_1_253' title='bbox 2832 4364 3051 4449; x_wconf 90' lang='lat' dir='ltr'><strong>quae</strong></span> <span class='ocrx_word' id='word_1_254' title='bbox 3136 4343 3392 4423; x_wconf 91' lang='lat' dir='ltr'><strong>initio</strong></span> 
     </span>
     <span class='ocr_line' id='line_1_31' title="bbox 566 4459 3393 4576; baseline 0.001 -30"><span class='ocrx_word' id='word_1_255' title='bbox 566 4459 934 4575; x_wconf 86' lang='lat' dir='ltr'><strong>Syriaco</strong></span> <span class='ocrx_word' id='word_1_256' title='bbox 988 4463 1474 4548; x_wconf 88' lang='lat' dir='ltr'><strong>charactere</strong></span> <span class='ocrx_word' id='word_1_257' title='bbox 1530 4487 1919 4576; x_wconf 85' lang='lat' dir='ltr'><strong>expressa</strong></span> <span class='ocrx_word' id='word_1_258' title='bbox 1981 4479 2201 4546; x_wconf 75' lang='lat' dir='ltr'><strong>non¹</strong></span> <span class='ocrx_word' id='word_1_259' title='bbox 2234 4481 2445 4548; x_wconf 88' lang='lat' dir='ltr'><strong>sunt</strong></span> <span class='ocrx_word' id='word_1_260' title='bbox 2508 4483 2846 4576; x_wconf 88' lang='lat' dir='ltr'><strong>reperta</strong></span> <span class='ocrx_word' id='word_1_261' title='bbox 2883 4520 2910 4565; x_wconf 85' lang='lat'><strong>,</strong></span> <span class='ocrx_word' id='word_1_262' title='bbox 2975 4482 3078 4548; x_wconf 89' lang='lat' dir='ltr'><strong>ut</strong></span> <span class='ocrx_word' id='word_1_263' title='bbox 3141 4482 3393 4549; x_wconf 89' lang='lat' dir='ltr'><strong>notat</strong></span> 
     </span>
     <span class='ocr_line' id='line_1_32' title="bbox 568 4586 3389 4701; baseline -0 -28"><span class='ocrx_word' id='word_1_264' title='bbox 568 4587 1084 4673; x_wconf 87' lang='lat' dir='ltr'><strong>Bonfrerius</strong></span> <span class='ocrx_word' id='word_1_265' title='bbox 1139 4615 1330 4701; x_wconf 87' lang='lat' dir='ltr'><strong>cap.</strong></span> <span class='ocrx_word' id='word_1_266' title='bbox 1355 4610 1522 4671; x_wconf 73' lang='lat' dir='ltr'><strong>xlx.</strong></span> <span class='ocrx_word' id='word_1_267' title='bbox 1577 4608 1785 4673; x_wconf 91' lang='lat' dir='ltr'><strong>sect.</strong></span> <span class='ocrx_word' id='word_1_268' title='bbox 1826 4616 1914 4671; x_wconf 87' lang='lat'><strong>2.</strong></span> <span class='ocrx_word' id='word_1_269' title='bbox 1964 4587 2167 4672; x_wconf 90' lang='lat' dir='ltr'><strong>Non</strong></span> <span class='ocrx_word' id='word_1_270' title='bbox 2235 4586 2628 4700; x_wconf 88' lang='lat' dir='ltr'><strong>prodiere</strong></span> <span class='ocrx_word' id='word_1_271' title='bbox 2664 4587 2894 4673; x_wconf 91' lang='lat' dir='ltr'><strong>nuda</strong></span> <span class='ocrx_word' id='word_1_272' title='bbox 2923 4588 3190 4673; x_wconf 87' lang='lat' dir='ltr'><strong>Biblia</strong></span> <span class='ocrx_word' id='word_1_273' title='bbox 3214 4588 3389 4672; x_wconf 82' lang='lat' dir='ltr'><strong>Re-</strong></span> 
     </span>
     <span class='ocr_line' id='line_1_33' title="bbox 566 4710 3389 4831; baseline 0.002 -38"><span class='ocrx_word' id='word_1_274' title='bbox 566 4716 714 4831; x_wconf 84' lang='lat' dir='ltr'><strong>gia</strong></span> <span class='ocrx_word' id='word_1_275' title='bbox 745 4744 777 4816; x_wconf 73' lang='grc' dir='ltr'><strong>ς</strong></span> <span class='ocrx_word' id='word_1_276' title='bbox 844 4710 996 4800; x_wconf 91' lang='lat' dir='ltr'><strong>sed</strong></span> <span class='ocrx_word' id='word_1_277' title='bbox 1024 4740 1230 4800; x_wconf 89' lang='lat' dir='ltr'><strong>cum</strong></span> <span class='ocrx_word' id='word_1_278' title='bbox 1266 4739 1584 4830; x_wconf 82' lang='lat' dir='ltr'><strong>magno</strong></span> <span class='ocrx_word' id='word_1_279' title='bbox 1616 4733 2022 4828; x_wconf 87' lang='lat' dir='ltr'><strong>apparatu</strong></span> <span class='ocrx_word' id='word_1_280' title='bbox 2062 4746 2084 4797; x_wconf 71' lang='grc' dir='ltr'><em>ε</em></span> <span class='ocrx_word' id='word_1_281' title='bbox 2156 4718 2577 4799; x_wconf 89' lang='lat' dir='ltr'><strong>nimirum</strong></span> <span class='ocrx_word' id='word_1_282' title='bbox 2628 4716 2884 4800; x_wconf 91' lang='lat' dir='ltr'><strong>simul</strong></span> <span class='ocrx_word' id='word_1_283' title='bbox 2918 4711 3143 4801; x_wconf 90' lang='lat' dir='ltr'><strong>edita</strong></span> <span class='ocrx_word' id='word_1_284' title='bbox 3179 4733 3389 4799; x_wconf 88' lang='lat' dir='ltr'><strong>sunt</strong></span> 
     </span>
     <span class='ocr_line' id='line_1_34' title="bbox 566 4839 3386 4957; baseline 0.002 -36"><span class='ocrx_word' id='word_1_285' title='bbox 566 4839 846 4923; x_wconf 84' lang='lat' dir='ltr'><strong>lexica</strong></span> <span class='ocrx_word' id='word_1_286' title='bbox 880 4897 909 4942; x_wconf 82' lang='lat'>‚</span> <span class='ocrx_word' id='word_1_287' title='bbox 972 4846 1573 4954; x_wconf 80' lang='lat' dir='ltr'><strong>grammaticae</strong></span> <span class='ocrx_word' id='word_1_288' title='bbox 1624 4869 1833 4926; x_wconf 93' lang='lat' dir='ltr'><strong>cum</strong></span> <span class='ocrx_word' id='word_1_289' title='bbox 1875 4843 2374 4926; x_wconf 87' lang='lat' dir='ltr'><strong>tractatibus</strong></span> <span class='ocrx_word' id='word_1_290' title='bbox 2427 4842 2954 4957; x_wconf 80' lang='lat' dir='ltr'><strong>philologicis</strong></span> <span class='ocrx_word' id='word_1_291' title='bbox 3005 4898 3039 4946; x_wconf 86' lang='grc'>,</span> <span class='ocrx_word' id='word_1_292' title='bbox 3123 4844 3386 4927; x_wconf 86' lang='lat' dir='ltr'><strong>variis</strong></span> 
     </span>
     <span class='ocr_line' id='line_1_35' title="bbox 564 4962 3387 5079; baseline 0.001 -31"><span class='ocrx_word' id='word_1_293' title='bbox 564 4964 1099 5048; x_wconf 86' lang='lat' dir='ltr'><strong>lectionibus</strong></span> <span class='ocrx_word' id='word_1_294' title='bbox 1135 5024 1164 5070; x_wconf 88' lang='lat'><strong>,</strong></span> <span class='ocrx_word' id='word_1_295' title='bbox 1229 4965 1315 5054; x_wconf 66' lang='lat'><strong>81</strong></span> <span class='ocrx_word' id='word_1_296' title='bbox 1361 4964 1790 5052; x_wconf 89' lang='lat' dir='ltr'><strong>indicibus</strong></span> <span class='ocrx_word' id='word_1_297' title='bbox 1823 5027 1844 5047; x_wconf 94' lang='lat'><strong>.</strong></span> <span class='ocrx_word' id='word_1_298' title='bbox 1912 4968 2532 5056; x_wconf 89' lang='lat' dir='ltr'><strong>Successerunt</strong></span> <span class='ocrx_word' id='word_1_299' title='bbox 2585 4967 2977 5079; x_wconf 86' lang='lat' dir='ltr'><strong>heptapla</strong></span> <span class='ocrx_word' id='word_1_300' title='bbox 3061 4962 3387 5053; x_wconf 88' lang='lat' dir='ltr'><strong>Gallica</strong></span> 
     </span>
     <span class='ocr_line' id='line_1_36' title="bbox 560 5089 3398 5212; baseline -0.002 -34"><span class='ocrx_word' id='word_1_301' title='bbox 560 5089 1085 5178; x_wconf 87' lang='lat' dir='ltr'><strong>Parisiensia</strong></span> <span class='ocrx_word' id='word_1_302' title='bbox 1114 5149 1150 5201; x_wconf 84' lang='grc'>,</span> <span class='ocrx_word' id='word_1_303' title='bbox 1212 5119 1432 5207; x_wconf 86' lang='lat' dir='ltr'><strong>quae</strong></span> <span class='ocrx_word' id='word_1_304' title='bbox 1458 5089 1765 5184; x_wconf 87' lang='lat' dir='ltr'>decem</span> <span class='ocrx_word' id='word_1_305' title='bbox 1797 5097 2133 5212; x_wconf 82' lang='lat' dir='ltr'><strong>magnis</strong></span> <span class='ocrx_word' id='word_1_306' title='bbox 2171 5094 2757 5192; x_wconf 87' lang='lat' dir='ltr'><strong>voluminibus</strong></span> <span class='ocrx_word' id='word_1_307' title='bbox 2784 5122 3026 5179; x_wconf 84' lang='lat' dir='ltr'><strong>anno</strong></span> <span class='ocrx_word' id='word_1_308' title='bbox 3077 5124 3111 5177; x_wconf 91' lang='lat'>1</span> <span class='ocrx_word' id='word_1_309' title='bbox 3135 5096 3398 5205; x_wconf 79' lang='lat'><strong>645.,&#39;</strong></span> 
     </span>
    </p>

    <p class='ocr_par' dir='ltr' id='par_1_5' title="bbox 3217 5242 3398 5306">
     <span class='ocr_line' id='line_1_37' title="bbox 3217 5242 3398 5306; baseline 0.011 -2"><span class='ocrx_word' id='word_1_310' title='bbox 3217 5242 3398 5306; x_wconf 78' lang='lat' dir='ltr'>lm·-</span> 
     </span>
    </p>
   </div>
  </div>
 </body>
</html>
