4913 6618
680 622 1075 710 vitIatam
1110 672 1136 698 .
1183 607 1325 698 Sic
1376 607 1620 696 enim
1670 600 1927 693 habet
1975 598 2633 720 Hieronymus:
2667 600 2951 693 ‘Miror
2985 661 3016 712 ,
3049 511 3491 721 quomodd

684 767 876 834 Lxx.
931 744 1523 852 Interpretum
1576 733 1832 817 libros
1892 732 2117 850 legas
2173 759 2361 816 non
2405 760 2666 847 puros
2703 791 2734 839 ,
2797 752 2902 818 ut
2948 734 3053 819 ab
3103 737 3223 819 eis
3281 733 3499 827 editi

684 888 900 959 sunt
964 927 995 974 ,
1073 861 1222 952 sed
1277 865 1383 948 ab
1439 861 1825 977 Origene
1879 886 2135 945 emen
2147 854 2389 945 datos
2450 917 2485 965 ‚
2572 862 2753 969 sive
2824 879 3275 973 corruptos
3336 892 3497 977 per

682 997 996 1084 Obelos
1026 1051 1058 1098 ‚
1127 988 1217 1078 8<
1267 980 1774 1089 asteriscos,
1832 983 1922 1073 8<
1978 985 2448 1072 Christiani
2516 985 2902 1073 hominis
2951 983 3494 1099 Interpreta-

681 1119 1167 1210 tiunculam
1224 1143 1410 1203 non
1471 1115 1912 1226 sequaris:
1975 1115 2480 1227 praesertim
2557 1137 2769 1201 cum
2846 1138 2949 1196 ea
2985 1166 3016 1215 ‚
3071 1140 3292 1225 quae
3353 1111 3497 1200 ad.

680 1244 861 1335 dita
916 1260 1127 1331 sunt
1164 1300 1194 1345 ‚
1249 1269 1357 1327 ex
1415 1238 1798 1326 hominis
1852 1236 2150 1360 Judaei
2176 1299 2205 1345 ,
2266 1256 2528 1351 atque
2573 1238 3048 1352 blasphemi
3077 1256 3274 1355 post
3303 1270 3494 1354 pas·-

684 1378 1029 1461 sionem
1082 1366 1409 1455 Christi
1462 1364 1844 1451 editione
1898 1366 2433 1469 transtulerit
2468 1423 2493 1447 .
2564 1361 2718 1450 Vis
2784 1380 3112 1449 amator
3146 1393 3328 1451 esse
3360 1395 3492 1455 ve·

685 1527 837 1585 rus
886 1518 1071 1584 Lxx·
1118 1494 1710 1604 interpretum
1744 1487 1789 1574 *ἓ
1838 1491 2045 1577 Non
2107 1494 2334 1609 legas
2389 1518 2490 1576 ea
2523 1547 2555 1597 ‚
2601 1516 2825 1601 quae
2871 1494 3028 1575 sub
3076 1495 3494 1579 asteriscis

686 1642 903 1714 sunt
938 1680 973 1731 ‚
1031 1624 1213 1706 imo
1262 1614 1465 1703 rade
1521 1618 1630 1703 de
1693 1617 2278 1705 voluminibus
2336 1671 2371 1722 ‚
2421 1632 2527 1701 ut
2588 1611 3015 1703 Veterum
3077 1634 3172 1702 te
3234 1616 3497 1706 fauto-

690 1778 884 1838 rem
946 1749 1250 1863 probes
1285 1802 1350 1850 „
1383 1801 1407 1825 .
1465 1744 1606 1830 Re
1671 1737 2029 1855 quidem
2079 1770 2286 1831 vera
2348 1736 2827 1829 dolendum
2884 1769 3093 1829 sane
3159 1803 3192 1851 ,
3256 1741 3495 1857 quod

688 1903 899 1966 cum
939 1873 1348 1989 Origenis
1400 1896 1657 1985 opera
1714 1870 2155 1956 asteriscis
2190 1925 2222 1975 ‚
2279 1869 2538 1956 obelis
2575 1927 2607 1974 ‚
2661 1870 3184 1957 Lemnischis
3219 1928 3251 1975 ‚
3320 1873 3493 1957 Hi·-

669 1998 1284 2118 polemnisclzis
1346 2014 1645 2083 notata
1701 1997 2389 2081 exscriberentur
2423 2052 2454 2101 ‚
2512 2000 3182 2082 amanuensium
3239 2000 3496 2086 incu-

687 2132 817 2213 ria
874 2126 1205 2212 factum
1261 2126 1373 2208 sit
1396 2180 1429 2227 ‚
1488 2139 1592 2207 ut
1648 2122 2307 2233 permisceretur
2350 2119 2915 2236 Septuaginta
2945 2120 3254 2207 Viralis
3288 2147 3499 2213 cum

684 2249 1307 2340 Theodotionis
1337 2306 1364 2350 ‚
1415 2248 1949 2359 aliorumque
1998 2249 2537 2336 versionibus
2574 2303 2606 2353 ‚
2677 2274 2778 2337 ac
2835 2269 3289 2362 propterea
3348 2248 3499 2334 de-

690 2404 957 2467 cursu
1004 2376 1420 2487 temporis
1477 2376 1621 2462 vix
1675 2375 2163 2460 innotuerit
2189 2432 2221 2479 ‚
2276 2399 2713 2485 quaenam
2778 2393 2997 2459 esset
3031 2374 3500 2463 Seniorum

688 2508 971 2593 versio
1005 2562 1039 2606 ‚
1087 2526 1478 2612 quaeque
1537 2495 2157 2585 Theodotionis
2213 2531 2244 2605 ς
2334 2497 2445 2584 de
2505 2528 2682 2610 quo
2749 2503 3343 2617 Hieronymus
3400 2507 3501 2589 in

690 2633 950 2719 citata
1015 2626 1371 2739 epistola
1422 2621 1529 2708 ad
1568 2621 1997 2709 Sunniam
2031 2686 2063 2728 ‚
2124 2624 2214 2715 ἃ
2278 2627 2735 2713 Fretellam
2768 2632 3078 2712 merito
3114 2656 3501 2740 conque-

688 2775 873 2842 stus
919 2770 1051 2838 est
1084 2810 1115 2836 .
1184 2747 1352 2834 Sed
1406 2777 1933 2860 quamquam
2000 2754 2533 2864 Hieronymi
2563 2771 2839 2837 aetate
2874 2811 2903 2857 ,
2951 2775 3056 2841 ’ac
3087 2753 3503 2866 deinceps

688 2879 1272 2998 apographum
1328 2870 1670 2989 aliquod
1736 2882 2232 2991 genuinum
2291 2877 2843 2989 superfuisset
2877 2937 2908 2982 ‚
2970 2900 3102 2964 tot
3133 2877 3504 2965 subinde

691 3034 850 3120 per
909 3005 1373 3088 Orientem
1429 3020 1841 3120 grassatae
1903 3022 2111 3088 sunt
2166 3009 2812 3118 persecutiones
2877 3060 2911 3108 ‚
2987 3033 3087 3090 ac
3169 3002 3505 3090 Sarace-

694 3157 1016 3217 norum
1070 3131 1593 3242 irruptiones
1630 3185 1661 3230 ‚
1724 3146 1827 3212 ut
1881 3131 2286 3248 Origenis
2342 3157 2604 3243 opera
2649 3129 2831 3215 fere
2888 3159 3230 3243 prorsus
3278 3135 3505 3216 inte·

692 3261 1029 3343 rirent:
1078 3255 1422 3339 Horum
1473 3275 1767 3341 tamen
1805 3259 2199 3369 reliquias
2234 3258 2578 3376 collegit
2630 3255 3169 3345 doctissimus
3203 3256 3511 3343 Mont-

690 3382 1148 3470 fauconius
1182 3437 1215 3484 ‚
1268 3378 1357 3466 ἃ
1420 3378 1725 3466 additis
1770 3382 2359 3470 eruditissimis
2408 3387 2923 3498 anteloquiis
2991 3444 3023 3491 ‚
3113 3413 3211 3471 ac
3274 3386 3509 3469 notis

693 3511 885 3596 orbi
935 3508 1350 3590 litterario
1435 3508 1809 3592 restituit
1870 3563 1893 3588 .
1989 3508 2181 3625 Jam
2246 3538 2455 3596 vero
2509 3514 2888 3598 Luciani
2949 3514 3444 3596 versionem
3475 3567 3510 3615 ,

694 3662 851 3720 seu
921 3636 1202 3745 potius
1266 3650 1455 3716 Lim.
1556 3652 2033 3744 reparatam
2115 3629 2596 3720 editionem
2659 3693 2692 3739 ,
2770 3635 3194 3749 paulisper
3261 3635 3515 3722 detur

692 3763 1118 3874 attingere
1153 3814 1179 3840 .
1204 3756 1375 3841 Hic
1400 3757 2004 3844 Antiochenae
2028 3760 2454 3846 Ecclesiae
2472 3763 2923 3875 presbyter
2956 3820 2987 3865 ‚
3019 3760 3513 3847 Maximino

692 3886 1219 3997 Imperatore
1266 3941 1299 3987 ‚
1356 3885 1680 3970 collatis
1743 3912 1950 3971 cum
2005 3888 2401 3974 Hebraeo
2451 3884 2747 3973 Textu
2810 3887 3104 3972 multis
3158 3886 3516 3974 Graecis

694 4013 1235 4101 versionibus
1299 4008 1422 4093 illi
1485 4029 1674 4094 Lxx.
1736 4010 1983 4096 virali
2009 4071 2040 4120 ‚
2104 4039 2295 4098 non
2352 4040 2573 4125 quae
2634 4019 2728 4098 in
2798 4012 3202 4126 Hexaplis
3258 4030 3444 4100 erat
3477 4071 3513 4123 ,

694 4134 847 4223 sed
911 4138 1501 4222 communiter
1563 4131 1985 4221 adhibitae
2014 4199 2047 4245 ‚
2107 4136 2687 4224 restituendae
2722 4142 3121 4224 incubuit
3155 4200 3178 4225 .
3245 4140 3513 4229 Hanc

698 4291 974 4348 manu
1037 4264 1409 4349 Luciani
1504 4281 1933 4348 exaratam
2011 4261 2570 4350 Nicomediae
2660 4265 2923 4349 fuisse
2989 4268 3450 4352 inventam
3481 4323 3516 4374 ‚

699 4388 1298 4476 Constantino
1331 4389 1667 4507 Magno
1698 4392 2195 4502 Imperante
2221 4450 2252 4498 ,
2318 4392 2620 4474 asserit
2641 4388 2978 4477 Auctor
3012 4388 3517 4503 Synopseos

701 4513 1338 4603 Athanasianae
1373 4574 1405 4620 ,
1465 4541 1737 4628 eaque
1788 4541 1983 4599 usos
2038 4514 2302 4601 filisse
2366 4517 2464 4599 in
2530 4509 2737 4600 Asia
2792 4520 3111 4600 minori
3170 4516 3518 4603 Christi·

705 4638 994 4724 fideles
1030 4701 1061 4746 ‚
1121 4639 1382 4726 tradit
1440 4640 1531 4725 S.
1566 4643 2154 4753 Hieronymus
2200 4641 2591 4742 Praefat.
2628 4647 2725 4726 in
2761 4643 2905 4727 lib.
2941 4641 3450 4757 paralipom.
3481 4699 3517 4751 ,

704 4762 795 4853 ἃ
859 4767 1001 4849 lib.
1033 4788 1126 4851 11.
1189 4765 1592 4856 adversus
1655 4765 2132 4856 Ruffiuum
2167 4828 2190 4853 .
2259 4768 2569 4881 Narrat
2618 4765 3194 4861 Theodoritus
3252 4827 3283 4875 ,
3348 4794 3519 4855 ceu

706 4885 950 4974 Pauli
1009 4893 1544 4982 Samosateni
1602 4895 2028 4982 fautorem
2085 4912 2585 4982 accusatum
2650 4894 2911 4981 fuisse
2947 4928 2970 4980 ε
3039 4914 3128 4982 at
3159 4923 3348 4981 non
3377 4893 3524 4983 de-

703 5035 919 5103 sunt
949 5076 983 5128 ‚
1046 5024 1199 5135 qui
1257 5024 1364 5109 ab
1425 5023 1693 5114 hocce
1744 5026 2124 5112 crimine
2155 5027 2650 5109 immunem
2699 5025 3248 5127 sustineant3
3287 5017 3522 5136 quod

2307 5145 2393 5236 G
2426 5175 2480 5231 2
3377 5165 3519 5237 ta-
