4913 6618
3291 512 3331 572 1
3419 502 3475 576 ι’

638 604 843 731 Iulii
870 668 901 714 ‚
963 613 1057 700 in
1090 609 1379 698 lucem
1409 606 1696 696 emisit
1727 638 1755 692 z
1795 603 2238 695 Diurnum
2269 599 2962 695 Alexandrinum
2986 629 3130 694 an.
3151 635 3186 691 1
3208 641 3256 724 7
3273 638 3319 719 5
3337 516 3419 698 ἓ.
3435 672 3466 718 ,

645 738 996 826 Partem
1027 740 1094 824 I.
1155 739 1543 852 vulgatae
1591 731 1994 822 editionis
2047 736 2421 821 Arabice
2474 763 2813 823 versam
2847 792 2878 837 ,
2943 761 3165 848 quae
3217 762 3462 823 com·

650 863 1063 975 plectitur
1108 858 1797 948 pentateuchum
1826 920 1856 967 ,
1909 862 2168 979 Josue
2205 921 2233 966 ‚
2291 859 2629 978 Judices
2665 919 2697 966 ‚
2756 861 3002 946 Ruth
3035 922 3067 963 ‚
3120 881 3244 952 lv.
3310 865 3465 948 lib.

655 986 879 1107 Reg.
921 1049 951 1094 ,
987 989 1084 1074 11.
1154 987 1783 1098 paralipomen.
1826 1046 1857 1090 ‚
1891 992 1985 1072 11.
2055 988 2363 1074 Esdrae
2397 1044 2432 1092 ,
2462 988 2549 1075 8<
2608 1013 2938 1071 sacram
2980 989 3313 1074 Tobiae
3344 990 3468 1074 hi-

655 1118 1007 1202 storiam
1068 1142 1176 1200 ex
1230 1113 1700 1199 Rutilianis
1761 1119 1996 1228 typis
2057 1144 2203 1200 an.
2247 1146 2353 1232 17
2373 1142 2520 1229 52.
2556 1169 2590 1218 9
2620 1111 3141 1198 pontificalis
3198 1112 3465 1228 Copt-

652 1265 838 1355 par.
862 1259 924 1328 1.
984 1271 1130 1329 an.
1176 1240 1441 1356 1761.
1473 1296 1507 1343 ‚
1535 1236 1624 1325 ἃ
1663 1267 1842 1352 par.
1871 1240 1972 1325 ΙΙ.
2041 1270 2188 1327 an.
2244 1272 2273 1326 1
2304 1244 2515 1359 762.
2552 1237 2956 1343 ‚Rituale
2984 1267 3133 1324 an.
3182 1245 3462 1358 1763.

647 1364 738 1452 ἃ
788 1364 1351 1455 Theotochias
1428 1394 1573 1450 an.
1667 1401 1701 1453 1
1733 1370 1942 1482 764.
2033 1370 2275 1480 Quos
2365 1384 2910 1477 quantosque
2969 1367 3297 1450 labores
3364 1372 3462 1453 in

650 1490 862 1580 haec
912 1495 1354 1611 Liturgica
1411 1518 1672 1605 opera
1736 1492 2315 1605 praeparanda
2349 1549 2380 1596 ‚
2425 1513 2525 1577 ut
2589 1493 2829 1604 prelo
2890 1488 3307 1575 darentur
3336 1496 3465 1579 in·

652 1624 1122 1734 sumpserit
1151 1678 1185 1725 ,
1220 1645 1405 1702 non
1474 1618 1739 1702 semel
1793 1619 2005 1702 mihi
2062 1622 2432 1735 contigit
2488 1615 2888 1701 admirari
2943 1673 2975 1719 ‚
3044 1620 3192 1704 cui
3255 1646 3456 1729 pro·

650 1748 948 1832 vincia
1003 1746 1463 1833 commissa
1505 1741 1787 1828 fuerat
1832 1740 2306 1830 adnotandi
2339 1744 2478 1830 vel
2512 1741 2765 1829 dubia
2796 1801 2831 1848 ‚
2870 1743 3014 1830 vel
3064 1762 3463 1854 suspecta

646 1871 888 1979 loca,
923 1900 1143 1986 quae
1203 1867 1525 1981 judicio
1590 1869 1675 1955 S.
1719 1869 2242 1988 congregat.
2312 1867 2421 1955 de
2505 1873 2736 1956 libris
2799 1868 3225 1955 Oriental.
3285 1898 3463 1955 cor·-

646 1999 1029 2116 figendis
1067 2060 1095 2105 ‚
1127 1994 1695 2112 proponenda
1757 2014 2008 2081 erant
2055 2052 2079 2078 .
2132 1995 2495 2082 Creatus
2560 1999 3030 2111 Episcopus
3081 1993 3465 2083 Arsenn-

646 2128 927 2213 viens.
986 2125 1271 2211 Eccle.
1307 2179 1336 2224 ,
1372 2126 1531 2208 etsi
1589 2127 2059 2207 stationem
2114 2142 2460 2210 teneret
2515 2129 2613 2207 in
2673 2123 3017 2207 aedibus
3049 2127 3465 2210 monasti·

647 2256 776 2335 cis
843 2252 929 2334 S.
968 2249 1382 2363 Stephani
1443 2245 1974 2360 Aethiopum
2004 2304 2036 2353 9
2098 2269 2295 2364 post
2357 2249 2872 2336 Vaticanam
2928 2249 3372 2334 Basilicam
3429 2306 3462 2355 ,

645 2404 840 2462 non
905 2381 1097 2460 sine
1155 2399 1478 2490 magno
1531 2370 2182 2480 incomod0‚in
2242 2404 2619 2462 munere
2670 2372 3135 2461 tradendae
3190 2374 3454 2486 Copt.

648 2501 998 2619 linguae
1075 2498 1593 2596 Urbaniani-
1635 2499 2018 2617 Collegii
2065 2499 2474 2587 Alumnis
2512 2562 2542 2608 ‚
2609 2500 2760 2588 diu
2816 2504 3460 2616 perseveravit;

645 2624 930 2713 donec
997 2625 1537 2711 Monachum
1613 2652 1719 2710 ex
1795 2624 2207 2744 Aegypto
2271 2632 2783 2715 accersitum
2842 2627 3298 2745 dIligenter
3363 2629 3461 2714 in

648 2751 1038 2868 Copticis
1100 2752 1403 2838 litteris
1469 2748 1844 2837 erudivit
1869 2809 1900 2857 ,
1967 2779 2344 2867 eumque
2399 2750 2762 2839 tandem
2817 2757 2925 2839 ab
2988 2751 3220 2838 Er'r'iis
3268 2751 3464 2838 Col·

645 2878 848 2997 legii
880 2877 1555 2966 moderatoribus
1587 2934 1621 2981 ‚
1651 2883 1871 2963 utin
1904 2882 2038 2963 sui
2061 2880 2353 2965 locum
2383 2879 2928 2966 sufficeretur
2962 2936 2992 2983 ‚
3018 2881 3398 2965 obtinuit
3430 2934 3457 2963 .

643 3002 883 3091 Tum
940 3030 1149 3092 vero
1203 3002 1810 3090 deficientibus
1871 3007 2079 3091 licet
2127 3006 2454 3091 viribus
2500 3064 2533 3109 ‚
2598 3021 2702 3092 ut
2755 3002 3138 3090 interdiu
3194 3007 3464 3092 etiam

647 3128 872 3215 lecto
918 3128 1436 3216 decumbere
1490 3133 1975 3246 saepissime
2037 3149 2489 3248 cogeretur
2523 3188 2553 3235 ‚
2586 3128 3262 3218 Grammaticam
3294 3127 3464 3216 Ae-

642 3261 1136 3375 gyptiacam
1201 3261 1653 3370 utriusque
1705 3254 2045 3346 dialecti
2075 3283 2182 3344 ex
2213 3259 2644 3346 veteribus
2698 3255 3215 3371 quibusdam
3244 3255 3461 3344 Ara-

642 3387 859 3470 bicis
926 3387 1263 3497 scriptis
1324 3389 1812 3498 composuit
1843 3412 1874 3467 =
1901 3411 2177 3495 eaque
2229 3404 2362 3471 est
2384 3445 2418 3492 ‚
2445 3412 2713 3498 quam
2754 3384 3093 3472 Romae
3123 3381 3456 3472 editam

646 3510 1057 3597 habemus
1114 3536 1219 3595 ex
1277 3513 1517 3624 typis
1575 3507 1659 3593 S.
1698 3509 2130 3628 congreg.
2203 3507 2313 3596 de
2367 3512 2468 3594 P.
2525 3513 2626 3594 F.
2695 3538 2841 3595 an.
2892 3512 3164 3627 1778.
3203 3569 3270 3618 9,
3332 3511 3463 3597 lta

644 3640 1205 3749 aequissimus
1259 3634 1684 3753 Georgius
1740 3662 1831 3720 se
1859 3641 2070 3720 sein
2094 3636 2371 3722 Tukii
2399 3633 2691 3721 laudes
2722 3633 3096 3721 effundit
3127 3669 3154 3720 ε
3217 3633 3463 3723 Atta·

644 3789 858 3851 men
923 3792 1116 3882 pag.
1152 3779 1335 3848 XXI.
1403 3760 1513 3847 de
1577 3762 1734 3849 hac
1804 3760 2387 3848 Grammatica
2443 3765 2564 3848 sic
2603 3761 2898 3846 scribit
2933 3793 2957 3846 ε
2994 3761 3458 3875 optassem

644 3914 808 4007 ego
856 3887 1212 4000 quidem
1235 3946 1266 3992 ‚
1297 3907 1398 3974 ut
1446 3888 1840 3973 Antistes
1897 3893 2279 4002 optimus
2333 3888 2802 3973 Elementis
2867 3883 3463 4007 Aegyptiacae

644 4015 1002 4135 linguae
1065 4043 1116 4099 a
1166 4015 1589 4126 Boniurio
1624 4017 1964 4126 scriptis
1998 4074 2028 4121 ‚
2058 4013 2417 4128 &jussu
2449 4013 2709 4099 Pont.
2749 4012 2985 4100 Max.
3019 4013 3456 4099 Clemxl.

645 4168 700 4227 a
754 4145 944 4228 viro
998 4167 1341 4226 summo
1406 4142 1765 4225 Eusebio
1854 4142 2395 4228 Renaudotio
2462 4138 2945 4252 adprobatis
3011 4196 3043 4242 ‚
3074 4134 3077 4137 ’
3106 4137 3459 4228 adderet

647 4261 759 4352 de
823 4294 980 4353 suo
1037 4264 1581 4377 Rudimenta
1608 4266 2088 4352 Thebaicae
2124 4326 2149 4350 .
2212 4266 2440 4350 Nam
2473 4262 2585 4348 de
2618 4264 3203 4351 Grammatica
3229 4266 3459 4351 Bon·

646 4390 854 4501 jurii
902 4391 1234 4479 edenda
1292 4452 1324 4499 ‚
1381 4388 1705 4504 jamdiu
1770 4411 1975 4478 ante
2029 4422 2080 4480 a
2141 4390 2333 4479 Sac.
2391 4389 2679 4510 Cong.
2730 4388 2841 4474 de
2889 4389 2986 4474 Ρ.
3018 4390 3117 4474 F.
3176 4387 3461 4476 decre·

649 4536 848 4606 tum
898 4519 1179 4605 fiierat
1204 4577 1237 4626 ‚
1279 4518 1512 4605 'dum
1564 4517 2200 4605 praefecturam
2243 4534 2534 4637 ageret
2596 4516 3101 4627 immortalis
3132 4542 3455 4602 memo-

651 4647 830 4729 riae
878 4645 1288 4761 Josephus
1340 4642 1820 4732 cardinalis
1879 4644 2304 4761 Spinellus
2338 4703 2370 4748 9
2403 4643 2491 4729 ἅ
2550 4671 2604 4728 a
2663 4645 3011 4730 secretis
3062 4648 3276 4729 sacri
3305 4644 3457 4729 hu·

651 4768 793 4880 jus
839 4791 1180 4860 senatus
1235 4791 1458 4858 esset
1520 4776 1820 4888 magni
1871 4775 2257 4857 nominis
2330 4770 2669 4856 Praesul
2725 4769 3128 4855 Nicolaus
3183 4768 3461 4856 Anto·

649 4896 938 4983 uellus
984 4897 1090 4984 ad
1139 4903 1492 4985 meritos
1539 4893 1858 4983 deinde
1908 4896 2594 5015 Purpuratorum
2655 4896 3010 4983 Patrum
3082 4896 3256 4981 hon
3265 4920 3454 4981 ores

649 5042 1018 5114 evectus
1040 5081 1065 5106 .
1097 5025 1442 5113 Tukius
1496 5051 1707 5113 vero
1764 5050 1857 5113 se
1908 5028 2028 5114 ita
2049 5084 2082 5135 ,
2115 5041 2218 5111 ut
2272 5025 2725 5136 optabatur
2747 5082 2783 5136 ,
2839 5029 3451 5140 praestiturum

1927 5196 1938 5199 -
2284 5148 2373 5233 R
2403 5177 2460 5234 2
3255 5173 3450 5233 sae-
