4913 6618
3183 609 3229 668 r
3313 608 3357 672 ι

551 728 775 832 'quet
836 708 1228 801 similiter
1289 727 1398 795 ex
1443 700 1933 793 sozomeno
1984 691 2133 789 lib.
2170 715 2267 784 11.
2334 718 2525 817 cap.
2567 699 2657 789 8.
2697 757 2729 809 ,
2788 726 2896 791 ex
2934 610 3368 824 Hier0n⁷y.

554 869 706 928 mo
776 843 873 925 in
945 836 1358 923 Chronic.
1395 889 1429 938 ‚
1458 832 1810 943 aliisque
1843 885 1877 934 ‚
1913 828 2448 947 gravissimas
2508 834 3155 943 persecutiones
3205 832 3368 919 sub

550 964 874 1081 Sapore
937 964 1383 1045 Persarum
1433 957 1679 1074 Rege
1703 1012 1735 1061 ,
1766 980 2049 1067 passos
2096 951 2360 1037 finisse
2423 952 3032 1044 christifideles
3098 1015 3122 1041 .
3191 958 3363 1044 Eo-

552 1088 761 1177 dem
811 1082 1072 1175 modo
1124 1096 1468 1169 constat
1528 1082 1979 1166 Persarum
2059 1076 2477 1164 Ecclesias
2542 1078 3152 1169 Antiochense
3205 1110 3370 1197 pa-

553 1220 820 1304 ruisse
852 1271 887 1321 ,
943 1209 1035 1299 ἃ
1089 1207 1521 1295 referente
1571 1205 1937 1292 Eusebio
2017 1199 2130 1289 de
2216 1203 2397 1289 vita
2437 1201 3006 1292 Constantini
3062 1209 3209 1293 lib.
3246 1195 3373 1294 Π..Δ

553 1365 745 1456 cap.
783 1372 865 1456 7.
894 1395 926 1443 ,
950 1336 1402 1421 Persarum
1457 1326 1811 1445 quidam
1863 1332 2337 1447 Episcopus
2400 1326 2800 1418 Nicaeno
2827 1335 3113 1445 primo
3146 1332 3374 1422 Con·

550 1470 755 1559 cilio
808 1458 1208 1548 interfuit
1229 1518 1295 1566 ,‚
1321 1518 1348 1544 .
1412 1461 1612 1572 Quo
1641 1481 1852 1548 vero
1883 1458 2153 1574 magis
2208 1480 2315 1540 ex
2369 1453 2603 1542 hisce
2652 1456 3098 1546 erudimur
3149 1458 3366 1545 Per·

552 1619 686 1678 sas
734 1593 1084 1707 linguae
1134 1611 1439 1672 eorum
1500 1587 1893 1698 propriae
1957 1581 2442 1695 Scripturas
2476 1578 2942 1668 reddidisse
2978 1640 3010 1689 ,
3070 1611 3177 1671 eo
3208 1587 3373 1672 mi-

555 1746 774 1807 nora
827 1731 1308 1829 suppetunt
1357 1725 1810 1796 momenta
1860 1764 1895 1814 ,
1958 1725 2059 1794 ut
2114 1732 2335 1820 quae
2412 1707 2513 1790 in
2583 1706 2879 1793 Bibliis
2941 1708 3374 1831 Polyglot-

548 1848 667 1934 tis
733 1837 1283 1929 asservantur
1310 1837 1698 1923 Persicae
1730 1829 2177 1918 Versionis
2223 1832 2593 1952 Asin-em
2615 1890 2647 1938 ‚
2667 1838 3154 1947 primaevae
3188 1837 3376 1946 ejus

553 1969 1055 2082 antiquitati
1097 1967 1595 2051 tribuamus
1654 2016 1684 2046 .
1744 1958 1880 2047 De
1945 1957 2343 2047 Armena
2430 1957 3074 2073 Scripturarum
3154 1963 3376 2052 Ver·-

551 2100 802 2185 sione
853 2119 958 2178 ea
1013 2109 1366 2177 tantum
1421 2083 1874 2197 adjicimus
1908 2139 1943 2190 ,
2002 2112 2225 2199 quae
2258 2080 2519 2172 tradit
2549 2083 3028 2174 Richardus
3062 2088 3376 2180 Simon

554 2222 703 2308 ub.
739 2238 836 2302 ιι.
900 2242 1094 2330 cap.
1143 2217 1287 2300 16.
1357 2214 1686 2297 Histor.
1755 2209 1977 2296 crit.
2044 2207 2156 2298 V.
2221 2209 2328 2296 T.
2367 2261 2399 2313 ,
2449 2206 2852 2297 videlicet
2933 2211 3377 2301 Annene·

554 2350 760 2433 satis
818 2360 1152 2431 veteres
1205 2334 1643 2454 possidere
1702 2340 2145 2425 versiones
2192 2364 2244 2420 a
2299 2334 2815 2448 quibusdam
2877 2341 3171 2427 interi
3237 2365 3375 2442 sos,

555 2468 943 2560 Graecae
998 2467 1348 2582 linguae
1370 2460 1883 2552 Doctoribus
1915 2462 2445 2577 peritissimis
2476 2519 2508 2568 ‚
2571 2470 3069 2577 praesertim
3098 2495 3147 2551 a
3285 2490 3376 2558 οφ

554 2623 652 2702 se
707 2592 945 2681 dicto
1010 2579 1601 2679 Grammatico
1624 2648 1659 2698 ‚
1717 2584 1810 2675 ἃ
1869 2580 2200 2677 Πειύἰᾶε
2256 2586 2764 2703 Philosopho
2817 2589 3279 2680 elaboratas
3336 2645 3376 2699 ,
3437 2655 3444 2662 -

554 2720 1094 2837 temporibus
1146 2716 1563 2835 Johannis
1620 2712 2220 2835 chrysostomi
2242 2771 2277 2822 ,
2335 2738 2606 2829 quem
2662 2737 3038 2804 censent
3116 2720 3380 2812 multi

555 2848 1151 2966 charactemm
1178 2840 1780 2930 Armenorum
1824 2857 2269 2929 auctorem
2308 2873 2333 2925 ε
2399 2836 2779 2927 Armeni
2834 2861 3131 2932 tamen
3200 2870 3382 2934 eos-
3512 2882 3530 2900 ·

554 2967 761 3082 dem
804 2986 1201 3082 acceptos
1231 2967 1627 3056 referunt
1686 2961 2034 3052 cuidam
2064 2965 2495 3051 Eremitae
2525 2970 2894 3054 nomine
2960 2967 3317 3085 Mesrop
3335 3021 3373 3081 ,

557 3101 714 3213 qui
778 3100 874 3180 in
937 3095 1151 3180 urbe
1202 3094 1425 3178 Bala
1490 3119 1764 3208 prope
1816 3091 2338 3207 Euphratem
2390 3090 2580 3175 illos
2641 3087 3191 3181 adinvenerit
3212 3158 3237 3185 .
3292 3098 3376 3198 Is,

556 3229 912 3339 quoque
955 3219 1333 3339 Johanni
1367 3216 1994 3335 Chrysostomo
2015 3218 2564 3336 synchronus
2589 3214 2757 3303 fifit
2784 3274 2821 3325 ,
2883 3218 3380 3339 habentque

558 3349 940 3448 Atmeni
985 3349 1283 3433 omnia
1343 3344 1941 3464 Chrymomi
1994 3372 2254 3457 opera
2278 3402 2309 3451 ‚
2342 3347 2688 3459 propria
2716 3371 3023 3434 eorum
3073 3350 3376 3470 lingua

562 3492 896 3564 exarata
921 3529 948 3555 .
1005 3471 1274 3560 Porro
1333 3496 1545 3561 cum
1605 3477 1946 3593 integra
1993 3470 2265 3558 Biblia
2295 3469 2697 3559 Armeno
2746 3499 3152 3563 sermone
3183 3481 3382 3565 scri·

557 3619 710 3717 pta
744 3658 778 3707 ‚
835 3626 1028 3686 raro
1086 3598 1314 3687 foret
1372 3602 1751 3714 reperire
1780 3655 1815 3716 ρ
1865 3598 2225 3718 Jacobus
2283 3595 2735 3685 Chorostei
2779 3595 3378 3691 Armenorum

556 3724 1042 3815 Patriarcha
1116 3752 1364 3812 anno
1440 3756 1475 3811 1
1497 3728 1712 3837 664.
1797 3722 2226 3839 Episcopo
2319 3723 2643 3810 Uscam
2732 3717 3380 3840 Dyuschutano

557 3853 999 3943 commisit
1021 3908 1055 3957 ‚
1112 3871 1217 3938 ut
1265 3855 1363 3936 in
1408 3851 1750 3968 Europa
1809 3846 2206 3937 Armena
2258 3849 2532 3936 Biblia
2560 3852 2946 3962 imprimi
2979 3871 3371 3951 curaret,
3419 3914 3445 3933 f

557 3976 643 4064 Is
689 3976 1071 4063 Romam
1122 3980 1374 4067 venit
1405 4034 1439 4083 ‚
1498 4004 1599 4067 ac
1662 3992 1860 4093 post
1901 4000 2248 4064 menses
2310 3972 2819 4091 quindecim
2887 3975 3370 4067 Amstelae-

560 4098 921 4190 damum
976 4106 1230 4216 petiit
1264 4159 1298 4208 ‚
1354 4105 1508 4189 ubi
1550 4107 1724 4215 suis
1782 4104 2266 4219 sumptibus
2325 4104 2717 4191 Armena
2788 4102 3061 4191 Biblia
3092 4164 3125 4215 ‚
3185 4106 3378 4224 plu·

560 4255 831 4346 raque
889 4228 1051 4318 alia
1113 4232 1432 4347 scripta
1494 4233 1596 4320 in
1643 4255 1903 4319 usum
1946 4226 2264 4323 Gentis
2327 4229 2573 4346 prelo
2619 4225 3074 4322 mandavit
3098 4286 3130 4320 .
