4913 6618
3214 598 3255 654 1
3274 572 3327 660 6

605 729 643 785 1
670 728 707 784 1
784 686 1292 782 Secundum
1341 718 1672 781 nomen
1728 708 1986 782 tuum
2040 694 2274 806 Dens
2305 749 2342 804 ,
2381 698 2505 781 sic
2534 687 2622 781 ἃ
2650 691 2830 778 laus
2858 702 3011 800 tua
3036 690 3138 778 in
3169 602 3391 784 fine}

838 839 1175 907 terrae:
1245 821 1568 929 justitia
1630 819 1895 932 plena
1951 838 2083 910 est
2136 819 2483 907 dextera
2542 835 2692 903 tua
2718 873 2743 900 .

608 979 644 1033 1
663 971 719 1038 2
777 946 1190 1031 Laetetur
1246 971 1506 1030 mons
1567 943 1775 1031 Sion
1814 1000 1848 1051 ‚
1899 941 1992 1031 ’ἅ
2051 948 2446 1037 exultent
2510 940 2732 1030 filiae
2784 935 3056 1059 Judae
3086 996 3121 1047 ,
3145 968 3398 1058 prop·

839 1088 1034 1183 pter
1093 1066 1409 1178 judicia
1473 1087 1624 1157 tua
1667 1069 2052 1161 Domine
2084 1128 2109 1155 .

603 1225 718 1314 ¹3
786 1192 1342 1284 circumdate
1373 1194 1582 1286 Sion
1613 1252 1648 1303 ,
1676 1193 1768 1286 δι
1827 1198 2524 1315 complectimini
2577 1219 2835 1283 eam=
2891 1206 3238 1282 narrate
3292 1194 3393 1281 in

837 1324 1214 1407 turribus
1271 1323 1458 1433 ejus
1492 1382 1517 1407 .

606 1474 645 1529 1
662 1471 718 1554 4
782 1446 1098 1533 Ponite
1163 1444 1422 1535 corda
1480 1464 1765 1536 vestra
1838 1450 1936 1535 in
2019 1451 2345 1539 virtute
2399 1449 2582 1532 eius
2648 1475 2673 1529 ε
2743 1440 2833 1530 81
2916 1440 3397 1535 distribuite

841 1571 1143 1659 domos
1208 1578 1386 1658 eius
1423 1634 1455 1680 ‚
1484 1594 1589 1662 ut
1642 1580 2056 1662 enarretis
2110 1580 2205 1660 in
2268 1574 2686 1690 progenie
2738 1568 3004 1654 altera
3036 1625 3060 1651 .

611 1726 720 1812 15
789 1698 1234 1812 Quoniam
1282 1698 1421 1787 hic
1482 1717 1612 1786 est
1672 1698 1906 1786 Deus
1942 1756 1973 1804 ‚
2017 1701 2252 1787 Deus
2309 1713 2607 1782 noster
2694 1694 2792 1776 in
2872 1709 3394 1806 aeternum,

845 1822 935 1912 ἃ
989 1827 1086 1909 in
1154 1828 1592 1915 saeculum
1636 1827 1950 1915 saeculi
1986 1859 2009 1912 z
2043 1829 2228 1941 ipse
2283 1839 2525 1941 reget
2555 1843 2715 1908 nos
2749 1819 2845 1901 in
2880 1820 3212 1907 saecula
3238 1878 3265 1905 .

598 2292 770 2365 terit
807 2292 1180 2366 obser-vare
1203 2327 1225 2350 ·
1281 2291 1501 2383 Juxta
1547 2291 1849 2372 Suidam
1889 2344 1918 2388 ,
2002 2295 2576 2372 animadvers-ore
2622 2294 2931 2367 Alberto
3002 2292 3100 2367 ad
3163 2290 3387 2387 Hesy-

597 2390 830 2468 clu’um
879 2395 1224 2467 scribente
1249 2438 1276 2479 ‚
1328 2395 1604 2468 indicat
1654 2395 1974 2484 μελυθίης
2034 2393 2396 2483 ὅνιιλλαγδν
2411 2443 2438 2484 ,
2491 2416 2611 2468 seu
2649 2393 2868 2468 aliam
2914 2397 3107 2469 vocis
3124 2395 3205 2466 in
3228 2414 3387 2466 con-

607 2508 813 2566 centu
853 2491 1242 2593 flexionem
1277 2546 1298 2568 .
1354 2496 1616 2572 Omnes
1655 2483 1888 2576 ferme
1946 2486 2154 2562 hacce
2207 2490 2295 2566 de
2363 2519 2442 2571 re
2506 2497 2943 2578 conveniunt
2981 2521 3010 2589 3
3061 2492 3382 2598 quamvis

602 2591 805 2669 illius
844 2598 1035 2670 vocis
1089 2598 1737 2701 interpretationem
1785 2588 1924 2668 alii
1962 2586 2184 2668 aliam
2235 2595 2515 2700 eligant
2530 2646 2553 2672 .
