4913 6618
1468 630 1505 691 1
1530 631 1649 715 30

1467 726 1935 814 Clemente
1997 727 2146 813 XI.
2184 784 2217 833 ,
2267 720 2356 813 81
2434 724 2965 814 Innocentio
3021 722 3238 816 xm.
3313 728 3409 815 in
3482 717 3802 814 deliciis
3904 725 4277 824 fuerunt

1468 852 2111 941 Catholicorum
2139 912 2169 959 ‚
2217 881 2388 965 qua
2439 858 2539 938 in
2611 878 2706 939 re
2765 855 3012 938 nobis
3078 857 3625 967 praeiVerant
3691 853 4169 944 Novatores
4236 915 4273 964 ‚

1466 976 1575 1066 ad
1631 986 2060 1098 gremium
2117 999 2465 1067 sanctae
2521 980 2829 1065 Matris
2870 980 3298 1068 Ecclesiae
3363 1007 3545 1066 non
3610 984 3867 1093 pauci
3930 983 4283 1104 Aegyp-

1468 1110 1540 1191 ti
1589 1110 1924 1191 incolae
1990 1105 2318 1192 rediere
2382 1166 2405 1188 .
2505 1107 2789 1193 Testis
2887 1109 2999 1190 sit
3082 1109 3333 1191 omni
3422 1110 3933 1219 exceptione
3988 1111 4276 1218 major

1465 1230 2053 1350 Aegyptiacae
2116 1231 2624 1318 eruditionis
2669 1235 3303 1317 amantissimus
3355 1288 3387 1333 ‚
3450 1231 3733 1345 deque
3809 1235 4046 1322 bono
4119 1235 4281 1322 Ec-

1468 1360 1774 1445 clesiae
1842 1363 2149 1445 eximie
2194 1352 2556 1443 meritus
2617 1351 3053 1445 confrater
3104 1354 3520 1474 Georgius
3549 1417 3572 1439 .
3634 1356 3944 1446 Narrat
3997 1364 4135 1445 hic
4169 1356 4281 1446 ad

1468 1513 1658 1571 rem
1734 1508 2114 1572 nostram
2182 1512 2375 1600 pag.
2416 1505 2539 1569 xl.
2596 1486 2988 1587 Praefitt.
3066 1481 3173 1569 ad
3255 1486 3592 1601 Fragm.
3669 1481 3754 1567 S.
3796 1485 4238 1633 Johannis·
4248 1543 4281 1590 ,

1469 1612 1881 1723 praeclari
1944 1610 2401 1723 Raphaelis
2464 1611 2738 1696 Tukii
2793 1615 2938 1723 pie
3001 1668 3033 1713 ‚
3120 1613 3727 1723 sapienterque
3784 1630 4021 1727 gesta
4076 1614 4283 1696 scri-

1470 1738 1748 1820 bens.
1819 1738 2206 1849 Raphael
2257 1754 2551 1821 noster
2589 1794 2620 1839 ‚
2677 1733 2936 1820 domo
2998 1735 3547 1854 Digergensis
3603 1734 4021 1850 honeste
3995 1766 4089 1822 ιη
4129 1765 4273 1851 pa

1470 1866 1635 1945 tria
1687 1860 2164 1964 educatus,
2225 1866 2508 1950 bonae
2569 1859 2881 1946 indolis
2940 1863 3364 1971 juvenis,
3424 1862 3513 1948 ἃ
3561 1865 3900 1978 ingenii
3953 1866 4283 1949 acumi-

1465 2014 1590 2075 ne
1655 1987 2085 2100 praeditus
2117 2047 2148 2090 ‚
2209 1992 2616 2099 interque
2683 1987 3160 2105 Aegyptios
3224 1985 3707 2072 Monachos
3773 1986 4275 2077 diaconatus

1469 2110 1777 2199 ordine
1840 2119 2285 2217 initiat-m,
2342 2113 2805 2227 Copticam
2859 2116 3248 2232 linguam
3312 2111 3542 2226 apud
3602 2140 3796 2200 suos
3862 2114 4268 2204 docebat:

1467 2238 1637 2324 Sed
1704 2242 2064 2326 mirifica
2129 2239 2497 2354 Spiritus
2553 2241 2855 2326 Sancti
2918 2246 3189 2358 gratia
3249 2240 3714 2325 illustratus
3749 2299 3779 2344 ,
3842 2246 4212 2362 cognitis
4244 2299 4280 2351 ‚

1466 2386 1731 2479 atque
1792 2369 2192 2478 abjuratis
2244 2369 2798 2455 schismaticis
2836 2400 2895 2468 ‚·
2927 2367 3017 2453 ἃ
3070 2369 3515 2452 haereticis
3553 2425 3584 2469 ‚
3647 2369 3960 2477 quibus
4023 2386 4283 2455 antea

1467 2495 1855 2579 imbutus
1919 2515 2100 2579 erat
2149 2499 2572 2579 erroribus
2646 2553 2679 2598 ‚
2761 2491 2983 2578 duce
3048 2552 3080 2597 ‚
3173 2491 3260 2579 ἃ
3323 2495 3646 2576 comite
3724 2494 4280 2580 Missionario

1466 2619 1832 2706 Etrusco
1887 2619 2002 2703 O.
2057 2620 2191 2703 M.
2254 2619 2363 2705 O.
2420 2622 2797 2707 Romam
2849 2640 3299 2731 tamquam
3329 2615 3436 2714 ad
3470 2621 3922 2706 universae
3981 2622 4281 2708 catho-

1463 2747 1678 2832 neae
1735 2746 2158 2832 Ecclesiae
2184 2764 2591 2832 centrum
2628 2807 2661 2852 ‚
2718 2775 2865 2832 an.
2911 2778 2941 2829 1
2968 2773 3178 2862 724.
3216 2803 3247 2848 ‚
3280 2746 3624 2830 labente
3656 2749 4119 2860 septembri
4153 2752 4283 2832 in.

1467 2876 1716 2990 genti
1769 2901 1978 2959 cum
2032 2870 2343 2990 gaudio
2408 2876 2659 2959 venit
2684 2931 2713 2976 ,
2755 2871 2842 2959 ἃ
2889 2899 3092 2957 mox
3148 2869 3343 2956 ibid.
3386 2873 3713 2958 octobr.
3753 2876 3986 2959 inter
4049 2869 4275 2957 Alu-

1462 3025 1722 3084 mnos
1774 2999 2261 3084 Urbaniani
2314 2997 2676 3117 Collegii
2755 2994 2865 3082 de
2950 2998 3048 3082 Ρ.
3123 2998 3220 3084 F.
3277 2999 3717 3110 auspicato
3797 3018 4201 3112 receptus
4237 3056 4274 3109 ,

1465 3126 1881 3211 usitatum
1951 3124 2436 3211 studiorum
2525 3124 3059 3211 curriculum
3145 3126 3370 3208 inire
3455 3123 3844 3210 alacriter
3880 3128 4209 3240 -coepit
4238 3175 4269 3211 .

1460 3250 1590 3340 ΕΟ
1651 3252 2033 3339 absoluto
2092 3312 2126 3359 ‚
2186 3252 2605 3369 Theologi
2668 3252 3064 3337 Doctoris
3142 3250 3427 3335 laurea
3487 3248 4044 3339 condecorari
4107 3277 4292 3339 me·

1457 3381 1643 3464 ruit
1703 3406 1851 3463 an.
1943 3413 2111 3496 173
2131 3408 2212 3493 5.
2298 3394 2427 3469 Vl.
2490 3375 2860 3465 Kalend.
2947 3376 3155 3495 Jun.
3192 3434 3225 3484 ‚
3289 3380 3551 3464 nonis
3602 3406 3815 3465 vero
3884 3375 4276 3490 ejusdem

1460 3510 1792 3592 mensis
1859 3505 2261 3592 ordinem
2316 3504 2787 3593 Sacerdotii
2829 3506 2975 3617 pie
3011 3562 3043 3608 ‚
3103 3524 3579 3617 sancteque
3608 3510 3981 3619 suscepit
4017 3564 4040 3589 .
4068 3502 4281 3594 Post

1461 3628 1553 3717 id
1608 3638 2022 3743 temporis
2051 3692 2080 3739 ,
2137 3633 2423 3718 multo
2483 3661 2749 3747 quam
2804 3650 3063 3715 antea
3115 3635 3394 3717 acrius
3428 3687 3461 3736 ,
3519 3650 3781 3743 atque
3810 3630 4272 3723 studIosius

1458 3784 1813 3871 operam
1885 3758 2086 3846 dare
2152 3766 2529 3874 perrexit
2594 3755 3092 3876 colligendis
3150 3814 3182 3859 ‚
3273 3755 3855 3843 describendis
3916 3816 3947 3862 ,
4038 3753 4270 3841 ordi-

1459 3881 1959 3996 nandisque
2022 3885 2461 3972 codicibus
2499 3943 2528 3988 ,
2590 3888 2743 3995 qui
2794 3888 2889 3966 in
2924 3882 3366 3997 publicum
3396 3884 3677 3970 Eccle.
3712 3882 3974 3999 Copt.
4009 3906 4271 3970 usum

1461 4010 1842 4126 evulgari
1888 4029 2298 4122 possent.
2364 4011 2604 4096 Hinc
2653 4036 2798 4093 an.
2860 4013 3265 4124 sequenti
3298 4068 3331 4115 ,
3393 4014 3546 4124 qui
3601 4030 3779 4096 erat
3841 4010 4079 4121 juxta
4103 4008 4271 4094 Ae·-

1461 4153 1710 4253 gypt.
1783 4135 2200 4251 epocham
2245 4163 2390 4222 an.
2447 4136 2946 4252 Martyrum
3027 4165 3138 4245 14
3150 4164 3301 4251 52.
3335 4193 3369 4242 ‚
3428 4163 3672 4221 aerae
3733 4133 4271 4224 Christianae

1471 4263 1749 4378 1736.
1818 4262 1866 4375 (
1938 4290 2125 4349 non
2188 4282 2484 4350 autem
2539 4283 2639 4349 ut
2688 4267 2787 4349 in
2848 4259 3292 4379 Didymo,
3351 4258 3668 4349 &alibi
3695 4263 3863 4382 legi
3910 4259 4263 4380 1746.)

1458 4383 1813 4475 Missale
1867 4390 2048 4502 jam
2103 4411 2312 4477 ante
2364 4410 2765 4505 paratum
2796 4449 2827 4495 ‚
2886 4388 2971 4478 δι
3029 4415 3235 4474 mox
3300 4390 3407 4472 ab
3459 4388 4002 4504 amplissimis
4076 4387 4266 4475 Sac.

1457 4512 1893 4633 Congreg.
1980 4519 2367 4603 Patribus
2447 4521 3021 4631 approbatum
3102 4510 3372 4600 edidit
3435 4575 3460 4600 .
3522 4515 3829 4602 Patriis
3889 4516 4201 4602 laribus
4237 4573 4273 4623 ‚

1454 4636 1543 4724 ἃ
1599 4638 1955 4751 quidem
2022 4670 2212 4729 non
2255 4646 2446 4727 sine
2496 4644 2978 4762 Religionis
3032 4657 3376 4728 nostrae
3410 4701 3442 4748 ‚
3500 4638 3590 4729 ἃ
3635 4643 4062 4731 Ecclesiae
4116 4639 4273 4728 Ca·

1452 4763 1818 4851 thelicae
1873 4771 2477 4855 emolumento
2506 4828 2537 4876 ,
2600 4767 2970 4856 subinde
3024 4769 3321 4854 revisis
3372 4826 3404 4875 ‚
3472 4765 3850 4856 Romam
3913 4765 4170 4855 rediit
4234 4828 4266 4874 ‚

1453 4887 1544 4978 ἃ
1591 4920 1738 4978 an.
1794 4921 1980 4981 non
2056 4925 2326 5013 1749.
2364 4894 2579 5002 ,sed
2659 4924 2930 5013 1744.
2996 4892 3509 4982 Psalterium
3564 4952 3603 4999 ‚
3698 4923 3907 4983 cum
3973 4894 4277 4985 Canti-

1452 5021 1646 5126 cis,
1706 5023 2063 5138 aliisque
2109 5027 2366 5109 sacris
2429 5024 3099 5140 Prophetarum
3125 5023 3642 5109 lectionibus
3700 5077 3731 5126 ,
3814 5043 4029 5109 orat.
4094 5022 4269 5107 Do·

1450 5150 1782 5235 minida
1807 5207 1844 5260 ,
1900 5150 1990 5239 ἃ
2019 5150 2430 5271 Symbolo
2463 5151 2857 5243 Nicaeno
2879 5208 2915 5262 ,
2946 5148 3375 5239 absoluta
3348 5152 3917 5266 impressione
3940 5149 4083 5238 die
4129 5181 4163 5233 1
4184 5151 4266 5233 6.

4130 5273 4277 5394 Ju-
