4913 6618
594 701 830 794 -alias
875 705 1350 825 Vulgata,
1379 673 1672 815 'atque
1737 675 2662 788 cortiniunis’audiebat
2693 751 2726 797 ‚
2780 690 3169 807 haecque
3198 748 3228 794 ‚
3267 589 3436 780 gas-

628 830 898 946 dente
946 829 1253 917 eodem
1305 827 1391 912 S.
1427 829 1804 913 Doctore
1852 826 1997 910 lib.
2042 845 2136 907 11.
2200 822 2308 910 de
2361 827 2615 910 Doct.
2682 819 2997 907 Christ.
3036 877 3068 923 ‚
3130 837 3421 906 caete-

630 961 751 1042 ris
795 956 1201 1071 praeferri
1263 956 1807 1054 merebatur;
1871 977 2396 1063 quamquam
2454 948 2566 1036 de
2609 947 2801 1056 ejus·
2841 963 3190 1032 auctore
3223 1003 3254 1048 ‚
3275 946 3432 1064 qui

626 1071 886 1170 nunc
949 1086 1396 1199 ignoratur
1430 1138 1462 1186 ‚
1525 1103 1815 1191 neque
1866 1075 2218 1161 fortasse
2310 1091 2532 1162 tunc
2627 1075 3042 1186 temporis
3097 1091 3433 1158 consta·

627 1225 768 1291 ret
804 1265 828 1288 .
891 1207 1191 1291 Plures
1251 1207 1588 1289 interea
1611 1263 1643 1310 ‚
1704 1200 1794 1290 81
1848 1197 2205 1315 quidem
2265 1203 2812 1319 gravissimae
2868 1200 3247 1283 rationes
3298 1198 3439 1282 vi·

621 1359 832 1417 rum
892 1333 1532 1418 sanctissimum
1585 1395 1609 1430 ‚
1706 1330 2350 1438 Doctoremque
2445 1328 2923 1412 maximum
2980 1343 3437 1436 permove-

627 1457 850 1540 runt
882 1516 913 1561 ‚
975 1474 1076 1540 nt
1114 1515 1144 1560 ‚
1209 1456 1327 1537 illi
1376 1448 1905 1568 perficiendo
1952 1455 2194 1565 operi
2229 1508 2261 1555 ,
2320 1468 2605 1538 totum
2664 1477 2757 1535 se
2786 1477 2879 1535 se
2911 1447 3433 1538 devoveret.

628 1581 876 1666 Inter
942 1600 1361 1681 caeteras,
1421 1580 1631 1666 haec
1692 1582 1797 1663 ab
1858 1601 1964 1661 eo
2017 1577 2585 1689 proferuntur
2641 1581 2871 1662 tanti
2956 1576 3435 1662 moliminis

630 1707 978 1792 caussae
1025 1767 1055 1810 ‚
1117 1704 1517 1794 videlicet
1572 1762 1604 1807 ‚
1665 1731 1783 1792 ne
1825 1700 2124 1819 Judaei
2189 1701 2299 1787 de
2360 1701 2724 1788 falsitate
2797 1697 3439 1813 Scripturarum'

627 1830 1037 1917 Ecclesiis
1085 1829 1408 1915 diutius
1453 1832 1973 1915 insultarent
2007 1887 2039 1934 ,
2099 1825 2188 1914 δι
2241 1832 2312 1911 si
2369 1826 2723 1939 quando
2772 1823 3229 1913 adversum
3288 1848 3437 1909 eos

627 1953 1142 2042 Christianis
1220 1953 1684 2068 disputatio
1745 1975 1876 2044 est
1932 2014 1960 2060 ‚
2025 1979 2212 2038 non
2292 1954 2665 2042 habeant
2753 1946 3438 2072 subterfugiendi

633 2065 1134 2167 diverticula
1173 2140 1205 2186 ‚
1263 2077 1415 2165 sed
1471 2099 1810 2167 suomet
1854 2083 2428 2195 potissimum·
2465 2105 2892 2168 mucrone
2952 2078 3433 2179 feriantur3

629 2233 1003 2320 quarum
1071 2211 1440 2318 primam
1498 2206 1885 2309 Praffat.
1954 2209 2050 2288 in
2111 2207 2293 2289 lsai.
2323 2262 2358 2309 ‚
2385 2207 2751 2294 alteram
2799 2205 3080 2289 liban.
3136 2201 3436 2290 adver-

628 2333 775 2416 sus
832 2329 1307 2416 Ruffinnm
1372 2328 1700 2441 profert
1767 2389 1791 2414 .
1885 2327 2100 2417 Illud
2175 2358 2528 2443 quoque
2615 2336 3271 2445 Hieronymum
3328 2321 3440 2413 ad

631 2456 873 2542 hunc
933 2457 1203 2541 finem
1267 2459 1551 2572 tetigit
1577 2518 1607 2562 ‚
1670 2456 1902 2570 quod
1979 2460 2074 2540 in
2144 2455 2571 2544 Versione
2639 2479 2839 2545 Lxx.
2907 2458 3153 2570 plura
3229 2443 3435 2540 desi-3

630 2575 1144 2667 'det-arentur
1177 2641 1207 2686 ,
1272 2607 1370 2667 ac
1420 2599 1874 2696 propterea
1909 2645 1940 2693 ‚
2001 2602 2306 2698 utpote
2361 2611 2591 2697 quae
2650 2590 2746 2671 in
2796 2584 2911 2668 N.
2962 2583 3072 2668 T.
3132 2608 3435 2669 occur-

631 2725 935 2792 rerent
968 2766 997 2811 ‚
1059 2706 1590 2795 restituenda
1623 2742 1653 2812 ;
1691 2706 2425 2823 quemadmodum
2461 2713 2845 2813 praefat.
2879 2715 2977 2795 in
3015 2710 3385 2795 Esdram
3406 2761 3441 2813 ‚

631 2828 723 2919 δι
788 2833 1300 2918 Nehemiam
1330 2891 1362 2938 ‚
1423 2835 1811 2949 itemque
1857 2840 1954 2923 in
2009 2829 2386 2948 Epistola
2440 2838 2568 2923 acl
2617 2838 3186 2922 Domnionem
3239 2891 3271 2937 ,
3334 2832 3443 2924 66

632 2957 1228 3075 Rogatianum
1308 2962 1645 3072 scripsit
1712 3020 1736 3043 .
1802 2959 2368 3052 Accedebant
2429 3017 2465 3067 ,
2550 2990 2761 3076 quas
2846 2963 3444 3074 Hieronymus

629 3108 883 3201 aegre
929 3084 1255 3172 ferebat
1286 3146 1315 3188 ‚
1379 3082 1866 3176 editionum
1902 3148 1933 3196 ‚
1997 3113 2291 3201 neque
2353 3092 2586 3177 vitiis
2618 3092 3106 3175 carentium
3139 3147 3171 3192 ‚
3203 3081 3435 3199 apud

637 3203 1010 3294 diversas
1112 3209 1531 3298 Catholici
1621 3216 1846 3300 orbis
1928 3217 2210 3336 plagas
2262 3277 2293 3325 ‚
2353 3222 2803 3306 varietates
2864 3275 2893 3322 ‚
2953 3212 3065 3300 de
3122 3216 3434 3328 quibus

635 3332 1022 3437 Praefat.
1085 3337 1180 3424 in
1226 3333 1408 3423 Lib.
1473 3341 1904 3456 Paralipo.
1968 3370 2137 3431 con
2148 3349 2542 3456 queritur
2566 3404 2590 3429 .
2656 3346 2973 3431 isthaec
3019 3370 3277 3454 porro
3308 3366 3439 3425 se·

633 3482 847 3549 cum
902 3465 1201 3547 animo
1264 3483 1674 3577 reputans
1736 3473 2413 3582 sapientissimus
2470 3531 2500 3577 ,
2596 3470 2885 3584 deque
2944 3473 3440 3587 integritate

631 3587 878 3672 verbi
946 3584 1224 3674 divini
1279 3614 1487 3676 vere
1553 3594 1955 3681 sollicitus
2013 3596 2609 3711 Hieronymus
2644 3656 2676 3703 ,
2742 3594 3071 3682 nedum
3138 3590 3439 3682 sancta

635 3708 1102 3830 Evangelia
1149 3711 1532 3803 Graecae
1595 3716 1802 3804 ‘fidei
1899 3719 2253 3809 reddere
2303 3727 2637 3810 curavit
2700 3778 2733 3829 ,
2826 3720 2976 3808 sed
3034 3721 3443 3840 origenis

631 3833 1038 3952 Tetrapla
1070 3897 1102 3944 ‚
1160 3839 1542 3955 Hexapla
1578 3903 1607 3949 ‚
1666 3843 1755 3933 ἃ
1778 3844 2140 3960 Octapla
2171 3844 2482 3932 diurna
2516 3906 2548 3952 ‚
2614 3862 3221 3960 nocturnaque
3250 3876 3443 3933 ma-

637 3986 770 4047 nu
828 3964 1179 4049 versans
1234 3967 1490 4050 libros
1545 3996 1854 4055 omnes
1888 4029 1917 4075 ‚
1980 4000 2197 4086 quos
2251 3973 2621 4060 Hebraei
2652 3974 3150 4062 Canonicos
3173 4000 3439 4091 agno-

627 4090 994 4215 jscebant
1028 4148 1056 4194 ‚
1117 4104 1220 4175 ac
1283 4094 1638 4207 insuper
1690 4094 2014 4183 Tobiae
2077 4155 2109 4201 ,
2147 4140 2154 4147 Α
2198 4097 2288 4186 ἃ
2356 4099 2652 4215 Judith
2741 4103 3019 4188 latino
3098 4102 3444 4212 eloquio

633 4210 1091 4341 adornavit
1125 4273 1147 4296 .
1220 4216 1364 4298 Bis
1435 4222 1928 4332 iterumque
2003 4223 2413 4310 Psalterio
2476 4252 2791 4311 manus
2855 4226 3235 4313 medieas
3294 4257 3448 4342 ap·

635 4344 980 4451 posuit:
1052 4338 1477 4450 siquidem
1534 4371 1642 4430 ex
1693 4343 2118 4432 Ver-sione
2174 4367 2379 4436 Lxx.
2452 4350 2659 4437 illud
2724 4360 3010 4468 primo
3071 4350 3445 4441 reddidit

634 4463 1435 4551 emendatissimum
1503 4526 1533 4576 ‚
1617 4469 1704 4557 ἃ
1769 4471 2105 4557 Romae
2162 4482 2421 4562 etiam
2486 4494 2747 4589 atque
2800 4466 3081 4568 etiam·
3130 4509 3444 4593 accep-

634 4605 829 4717 tum
865 4650 895 4694 ‚
958 4609 1058 4677 ut
1112 4589 1255 4672 lib.
1295 4611 1387 4673 11.
1452 4616 1761 4679 contra
1823 4596 2292 4687 Ruffinum
2357 4621 2721 4689 testatur
2750 4663 2775 4688 .
2844 4605 3249 4697 Secundo
3279 4607 3441 4692 So-

567 4734 576 4745 ·
640 4713 989 4825 phro'nii
1032 4719 1588 4828 petitionibus
1645 4718 2104 4840 indulgens
2163 4754 2264 4812 ex
2329 4730 2725 4815 Hebraeo
2777 4749 2971 4819 tran
2984 4738 3221 4822 stulit
3257 4796 3285 4842 ‚
3338 4759 3440 4821 ac

631 4834 996 4923 demum
1050 4844 1527 4948 asteriscis,
1559 4846 2028 4960 ·obelisque
2066 4911 2094 4953 ‚
2152 4854 2348 4937 'tum
2404 4881 2508 4939 ex
2540 4855 2945 4977 origenis
2977 4863 3378 4974 Hexaplis
3407 4918 3443 4966 ,

629 4979 832 5093 'tum
887 4992 1234 5079 quoque
1281 4994 1387 5055 ex
1440 4966 1828 5060 editione
1880 4974 2373 5066 Lucianaea
2433 4980 2880 5074 adnotavit
2917 5047 2942 5074 .
3007 4987 3262 5074 Haud
3302 5012 3447 5076 ve·

3352 5136 3458 5200 ΥΟ
