4913 6618
1536 549 1575 605 1
1591 546 1640 606 2
1657 549 1712 607 o

1523 643 1851 733 litteras
1910 639 2328 767 gradatim
2381 645 2689 739 incolis
2743 644 3126 769 Aegypti
3178 644 3668 737 innotuisse
3724 661 3751 732 ’.
3828 648 4333 744 Psammeti-

1526 797 1683 859 cus
1739 772 1933 859 Rex
1955 833 1990 880 ‚
2048 777 2190 863 vel
2221 773 2635 864 Psammis
2666 774 3303 895 Aegyptiorum
3363 800 3673 889 pueros
3757 772 4106 866 Graecis
4172 784 4330 866 im·-

1491 895 1921 985 ,buendos
1986 900 2523 989 concredidit
2556 961 2580 986 .
2648 902 2789 989 Sic
2843 906 3155 990 imbuti
3187 901 3597 1019 Aegyptii
3630 930 4077 1020 progressu
4107 924 4328 992 tem-

1529 1028 1761 1138 poris
1793 1024 2007 1116 filios
2038 1055 2341 1114 eorum
2375 1088 2405 1134 ,
2464 1056 2728 1142 quam
2759 1025 3257 1116 dedicerant
3288 1027 3673 1144 linguam
3704 1087 3734 1128 ‚
3775 1026 4262 1118 docuerunt
4293 1060 4321 1115 ε

1406 1227 1412 1234 ,
1532 1149 1661 1236 Ita
1710 1157 1999 1268 coepit
2070 1155 2277 1240 haec
2340 1159 2436 1237 in
2500 1152 2908 1271 Aegypto
2994 1154 3517 1261 invalescere
3557 1213 3581 1236 .
3647 1151 3945 1241 Amasi
4011 1156 4112 1240 ΙΙ.
4182 1181 4333 1241 re·

1453 1383 1462 1388 ·
1530 1296 1864 1394 gnante
1912 1278 2152 1390 Graji
2204 1277 2491 1364 coloni
2540 1276 2646 1362 ad
2699 1283 3006 1365 urbem
3060 1277 3552 1391 Memphim
3612 1283 4002 1365 translati
4053 1297 4262 1366 sunt
4295 1337 4323 1365 .

1530 1423 1635 1487 ut
1698 1404 1893 1491 loco
1947 1410 2209 1490 citato
2268 1401 2755 1490 Herodotus
2853 1404 3114 1492 refert
3170 1461 3196 1488 .
3273 1404 3449 1490 Sub
3542 1406 4330 1492 Ptolommaeorum

1531 1529 1898 1641 imperio
1931 1588 1962 1635 ,
2025 1524 2261 1641 quod
2302 1532 2683 1617 historici
2746 1529 2853 1617 ad
2902 1558 3185 1617 annos
3239 1534 3735 1618 biscentum
3803 1588 3834 1635 ,
3927 1530 4015 1618 ἃ
4101 1533 4327 1615 ultra

1529 1656 2104 1766 protrahunt,
2163 1657 2612 1770 multoque
2664 1663 2931 1778 magis
2981 1659 3138 1742 sub
3194 1653 3685 1744 Alexandro
3734 1656 3799 1739 Ι.
3852 1655 3951 1738 11.
4020 1656 4156 1740 111.
4223 1661 4324 1740 in

1530 1795 1713 1864 tota
1766 1780 2158 1867 inferiori
2214 1783 2621 1901 Aegypto
2658 1843 2689 1890 ,
2752 1813 2849 1872 ac
2885 1789 3382 1896 praesertim
3411 1778 3977 1870 Alexandriae
4014 1842 4041 1887 ‚
4074 1780 4328 1868 Grae·

1530 1929 1688 1989 cae
1729 1908 2060 1993 litterae
2111 1903 2599 1996 floruerunt
2631 1967 2655 1993 .
2725 1887 3138 2027 Quonam
3193 1905 3552 1995 definito
3599 1929 3993 2020 tempore
4052 1904 4328 1994 Grae-

1525 2030 2215 2149 co-Aegyptiaca
2275 2038 2573 2152 lingua
2629 2033 2893 2121 filerit
2939 2032 3330 2145 adoptata
3367 2095 3397 2141 ,
3429 2037 3608 2125 sive
3663 2061 3712 2116 a
3773 2032 4329 2146 Memphitis,

1530 2160 1714 2267 sive
1772 2159 2205 2245 Thebanis
2233 2218 2264 2265 ‚
2321 2165 2690 2246 nonnisi
2747 2159 3221 2250 divinando
3285 2178 3796 2247 statueretur
3864 2191 3888 2240 ε
3954 2161 4331 2245 Thebai-

1529 2307 1726 2369 cam
1780 2313 1989 2374 vero
2052 2283 2514 2375 dialectum
2576 2287 3149 2401 Memphitica
3193 2316 3372 2376 esse
3428 2291 3864 2399 juniorem
3929 2303 4058 2370 sat
4121 2286 4330 2371 vali-

1531 2405 1664 2492 dis
1721 2439 1907 2497 non
1976 2409 2321 2498 videtur
2379 2417 2545 2497 niti
2589 2410 3178 2498 fundamentis
3215 2473 3238 2495 .
3298 2414 3536 2500 Illam
3574 2412 3879 2517 ‚habet
3913 2408 4327 2527 Georgius

1532 2538 1772 2644 §.nn
1829 2565 2019 2653 pag.
2055 2556 2364 2643 XXV1.·,
2423 2543 2582 2652 etsi
2636 2543 3316 2650 antiquissimam
3405 2539 3829 2652 appellare
3900 2564 4082 2621 non
4173 2532 4330 2619 du-

1533 2660 1803 2748 bitem
1837 2721 1870 2769 ,
1926 2660 2077 2747 diu
2132 2681 2426 2751 tamen
2496 2684 2689 2778 post
2741 2664 3158 2750 Herodoti
3198 2684 3566 2752 aetatem
3596 2668 3830 2748 inter
3879 2660 4330 2779 indigenas

1530 2812 1983 2899 supremae
2046 2789 2499 2875 Thebaidis
2566 2794 2830 2877 serius
2888 2810 3180 2876 natam
3246 2850 3278 2897 ‚
3356 2795 3853 2902 sensimque
3918 2814 4328 2903 propaga·

1528 2929 1712 2998 tam
1777 2914 2156 3024 conjicio
2189 2973 2220 3019 ‚
2286 2914 2569 3004 donec
2627 2921 2722 2999 in
2791 2915 3223 3028 Superiori
3271 2914 3674 3034 Aegypto
3697 2914 4124 3028 popularis
4147 2939 4331 2999 eva-

1528 3039 1641 3122 sit
1675 3096 1700 3120 .
1765 3037 1950 3124 Nec
2015 3040 2261 3125 aliter
2305 3064 2543 3129 certe
2600 3041 2708 3126 de
2769 3043 3021 3153 hujus
3086 3061 3428 3128 nostrae
3478 3100 3510 3146 ‚
3600 3069 3860 3152 quam
3916 3034 4026 3123 de
4078 3037 4324 3153 Joni-

1527 3189 1685 3248 cae
1718 3219 1749 3266 ,
1810 3166 2173 3250 Doricae
2205 3225 2236 3270 ,
2298 3168 2700 3254 Aeolicae
2734 3225 2764 3271 ‚
2823 3165 2910 3253 81
2974 3165 3316 3255 Atticae
3379 3166 3936 3253 dialectorum
3991 3167 4325 3280 origine

1529 3287 2089 3375 sentiendum
2155 3294 2470 3406 opinor
2504 3353 2526 3377 .
2597 3296 2840 3409 Quae
2902 3321 3037 3379 res
3077 3314 3269 3408 post
3323 3321 3421 3379 ea
3458 3355 3487 3400 ‚
3553 3320 3773 3407 quae
3855 3287 3966 3376 de
4025 3287 4324 3374 Mem-
4456 3402 4467 3407 -

1527 3416 1850 3528 phitica
1903 3443 2109 3502 mox
2153 3421 2595 3506 attulimus
2633 3477 2665 3524 ‚
2715 3438 2899 3508 tam
2952 3424 3402 3534 perspicue
3434 3476 3468 3527 2
3524 3419 3614 3507 ἃ
3667 3438 3908 3504 extra
3963 3442 4326 3502 omnem

1437 3580 1445 3588 ·
1529 3540 2085 3628 dubitationis
2128 3545 2397 3631 aleam
2464 3551 2736 3660 posita
2793 3551 2972 3635 visa
3017 3550 3264 3631 nobis
3324 3565 3453 3632 est
3518 3604 3553 3651 ‚
3638 3563 3742 3630 ut
3826 3541 4123 3628 fusiori
4180 3536 4323 3625 de-

1526 3673 2162 3755 monstratione
2229 3699 2412 3757 non
2474 3692 2718 3791 egeat
2744 3732 2767 3756 .
2834 3672 3062 3757 Nam
3116 3677 3191 3757 si
3243 3671 3616 3757 Thebaei
3696 3672 3858 3782 ipsi
3935 3672 4071 3751 usi
4118 3684 4326 3753 sunt

1502 3791 2098 3908 ·Memphitica
2132 3852 2163 3899 ‚
2197 3824 2382 3882 non
2419 3826 2629 3886 vero
2657 3790 3085 3895 Thebaica
3124 3794 3486 3883 dialecto
3519 3860 3545 3897 ,
3602 3796 4077 3881 necessario
4095 3818 4323 3878 con-

1524 3928 1917 4033 sequitur
1950 3984 1977 4020 ,
2037 3940 2140 4006 ut
2191 3924 2280 4006 ἅ
2344 3924 2486 4006 illa
2549 3926 2783 4037 prior
2839 3950 3021 4008 esse
3076 3920 3467 4009 debuerit
3500 3980 3535 4027 ‚
3582 3924 3741 4005 ista
3786 3946 3993 4009 veso
4046 3937 4324 4033 poste·

1525 4049 1704 4131 rior
1733 4105 1764 4152 ‚
1821 4065 2085 4160 atque
2154 4045 2531 4135 secunda
2567 4107 2634 4155 ,‚
2669 4107 2694 4133 .
2758 4049 2886 4134 lta
2950 4045 3305 4162 quidem
3339 4108 3370 4155 ,
3434 4052 3506 4134 si
3561 4076 3722 4161 pro
3777 4062 4017 4135 certo
4080 4045 4323 4130 habe·-

1525 4174 1604 4255 ri
1663 4192 1952 4286 posset
2004 4172 2438 4259 Thebaeos
2491 4174 2923 4264 Codicum
2974 4191 3363 4261 auctores
3396 4233 3427 4281 ‚
3491 4204 3707 4288 quos
3762 4198 3969 4288 prae
4033 4171 4321 4259 mani-

1524 4295 1681 4383 bus
1735 4302 2031 4385 habuit
2063 4356 2095 4405 ‚
2150 4319 2610 4412 utramque
2666 4301 3129 4387 dialectum
3189 4327 3371 4384 non
3431 4301 3810 4393 calluisse
3864 4330 3888 4382 ε
3958 4293 4052 4381 id
4116 4322 4326 4383 vero

1523 4429 1719 4538 quis
1780 4423 2367 4514 divinaverit?
2417 4427 2708 4513 Missis
2748 4430 3107 4511 interim
3136 4425 3315 4508 aliis
3371 4419 4256 4512 animadversionibus
4289 4478 4324 4529 ,
4400 4433 4405 4437 ’

1525 4548 1739 4636 illud
1832 4580 2096 4664 quam
2150 4555 2773 4639 'lubentissime
2834 4579 2886 4633 a
2947 4569 3198 4635 tanto
3260 4547 3679 4670 Magistro
3776 4568 4323 4665 percontare-

1524 4703 1729 4764 mur
1762 4734 1794 4779 ‚
1857 4704 1973 4761 an
2029 4703 2136 4762 ex
2197 4677 2489 4794 figuris
2524 4734 2556 4781 ‚
2611 4704 2762 4763 seu
2810 4695 2909 4760 ut
2956 4676 3268 4762 Graeci
3318 4696 3644 4765 vocant
3674 4736 3707 4785 ‚
3792 4677 4324 4788 passionibus

1527 4798 2019 4888 dictionum
2039 4858 2069 4905 ‚
2115 4802 2560 4889 sufficiens
2619 4798 2863 4888 reddi
2916 4821 3205 4917 posset
3268 4808 3487 4889 ratio
3574 4802 3955 4891 diversae
4016 4802 4321 4887 termi-

1527 4931 1910 5018 nationis
1973 4930 2069 5013 in
2126 4929 2537 5042 exemplis
2587 4929 2848 5046 longe
2902 4931 3047 5013 abs
3091 4955 3183 5013 se
3239 4929 3582 5042 lateque
3636 4926 3980 5048 digestis
4014 4984 4046 5031 ,
4102 4928 4321 5039 quin

1525 5053 2191 5168 memphiticam
2249 5053 2711 5147 dialectum
2758 5054 3242 5155 Thebaicae
3302 5113 3335 5166 ,
3392 5058 3733 5145 ratione
3786 5055 4323 5168 antiquitatis

4188 5205 4330 5271 ΕΟ·-
