4913 6618
1375 769 1379 773 ,
1447 582 1593 765 εει
1653 677 1799 763 abs
1852 677 2191 765 Nachor
2236 674 2501 766 stati-e
2566 675 3065 786 Abrahamj
3125 707 3306 792 quo
3359 674 3471 769 de
3524 672 3847 772 Genes.
3908 706 3991 771 c.
4027 704 4248 775 xxm

1453 830 1540 889 v.
1582 830 1629 887 2
1656 835 1689 888 1
1710 863 1731 886 .
1791 806 2155 922 legitur=
2222 804 2755 889 Nuntiatum
2841 825 2972 890 est
3050 804 3460 891 Abrahae
3516 866 3548 913 ,
3609 810 3851 922 qnocl
3896 811 4249 898 Melcha

1451 954 1795 1040 quoqne
1845 931 2296 1049 genuisset
2366 931 2606 1038 filios
2660 928 3015 1013 Nacltor
3060 932 3333 1030 fratri
3393 959 3551 1018 sno
3618 965 3642 1015 z
3726 934 3917 1050 Jobi
3975 941 4247 1050 patria

1454 1070 1581 1136 sat
1639 1081 1823 1137 non
1895 1056 2233 1138 videtur
2296 1055 2788 1167 explorata3
2852 1074 3173 1139 terram
3223 1057 3424 1140 Huz
3488 1061 3943 1145 incoluisse
3994 1065 4088 1148 in
4147 1062 4247 1146 li-

1454 1177 1586 1263 bri
1631 1181 1809 1264 eius
1856 1181 2110 1267 inifio
2164 1177 2904 1293 deprehenditur;
2967 1184 3088 1262 sic
3148 1183 3390 1264 enim
3445 1210 3537 1269 se
3587 1184 3899 1272 habet:

2289 1348 2517 1511 tw
2585 1346 2944 1532 VM?
3003 1350 3243 1512 Πζῦ
3315 1320 3468 1452 ‘²⁹⁶'

1462 1559 1623 1647 Vir
1631 1558 1817 1661 fizit
1849 1559 1939 1641 in
1965 1576 2196 1643 terra
2231 1558 2431 1642 Huz
2468 1619 2491 1642 .
2528 1566 2939 1673 Quonam
2963 1582 3359 1671 tempore
3392 1542 3570 1642 eius
3604 1559 3945 1648 historia
3981 1562 4252 1656 fuerit

1453 1709 1622 1769 con
1632 1689 2039 1793 scriptam
2049 1708 2270 1792 eque
2293 1687 2490 1766 satis
2521 1702 2887 1768 constat.
2918 1686 3519 1767 Niholominus
3542 1688 3681 1771 vel
3704 1688 3918 1806 Legi
3945 1719 4249 1805 aequa-

1450 1809 1628 1895 lem
1661 1812 1799 1895 vel
1830 1809 2051 1892 forte
2085 1810 2666 1918 antiquiorem
2690 1808 3114 1912 esse‚inde
3146 1811 3404 1919 aliqui
3435 1814 4066 1925 censent‚quod
4089 1819 4250 1904 Le·

1457 1938 1587 2051 gis
1621 1962 1804 2017 non
1845 1936 2345 2017 meminerit
2380 1992 2411 2037 ,
2473 1934 2561 2023 8(
2591 1933 3270 2020 patriarcharum
3302 1961 3544 2018 more
3578 1993 3609 2038 ,
3674 1940 3940 2024 veluti
3973 1961 4253 2054 pater·

1449 2059 1809 2144 familias
1857 2059 2259 2142 obtulerit
2324 2059 2730 2143 sacrificia
2796 2115 2830 2163 ‚
2921 2056 3242 2171 idquod
3308 2062 3465 2141 sul>
3531 2060 3766 2177 Lege
3866 2071 4180 2178 scripta
4212 2126 4247 2174 ,

1450 2182 1540 2270 ἃ
1593 2203 1791 2297 post
1845 2212 2036 2267 eam
2108 2212 2291 2268 non
2353 2186 2596 2268 licuit
2630 2242 2652 2264 .
2722 2185 2842 2268 Ut
2905 2189 3165 2301 igitur
3227 2184 3432 2267 hinc
3486 2186 3643 2298 Job
3708 2187 4023 2301 Moyse
4079 2221 4246 2276 an-

1451 2312 1775 2420 tiquior
1805 2364 1837 2411 ,
1896 2312 2013 2391 ita
2066 2308 2152 2394 ἃ
2214 2310 2429 2392 liber
2494 2312 2675 2393 eius
2731 2328 2941 2393 ante
3001 2311 3693 2393 pentateuchum
3771 2310 4250 2427 descriptus

1449 2434 1941 2553 colligitur,
2003 2430 2263 2544 idque
2329 2459 2430 2517 ex
2480 2461 2586 2517 eo
2651 2438 2912 2518 etiam
2973 2437 3413 2521 evincitur
3445 2490 3476 2537 ,
3541 2433 3773 2545 quod
3805 2441 3900 2521 in
3939 2466 4019 2522 c.
4057 2456 4248 2528 xlx.

1450 2588 1539 2645 v.
1582 2587 1732 2679 23.
1800 2557 1910 2642 de
1964 2584 2122 2639 usu
2175 2560 2429 2641 libros
2477 2558 2906 2644 scribendi
2969 2565 3090 2643 sic
3146 2559 3407 2645 verba
3456 2555 3709 2643 faciat
3746 2617 3769 2642 .
3839 2563 4054 2674 Quis
4076 2569 4248 2649 mi-

1448 2683 1546 2766 hi
1596 2687 1924 2768 tribnat
1949 2737 1981 2784 ,
2041 2702 2142 2765 ut
2205 2685 2694 2766 scribantur
2740 2709 3169 2768 sermones
3235 2682 3408 2764 mei
3468 2738 3499 2783 ,
3594 2682 3702 2772 &-
3778 2708 4250 2774 exarentur

1447 2809 1541 2891 in
1606 2811 1818 2894 libro
1882 2809 2107 2921 stylo
2151 2811 2443 2909 ferreo
2486 2866 2508 2888 .
2567 2805 2938 2893 Accedit
3032 2808 3210 2918 jam
3272 2805 3521 2888 Liber
3571 2808 3999 2892 Bellorum
4059 2815 4244 2899 Do·-

1447 2934 1732 3038 mini,
1795 2961 1971 3044 quo
2025 2929 2132 3015 de
2193 2933 2554 3016 Numer.
2597 2950 2776 3016 Xx1.
2840 2961 3085 3041 v.14.
3121 2935 3461 3018 mentio
3489 2937 3860 3016 occurrit
3896 2993 3918 3015 .
3981 2937 4247 3027 Hunc

1445 3084 1499 3143 e
1557 3060 1969 3144 librorum
2033 3085 2406 3142 numero
2473 3077 2996 3173 expungunt
3064 3057 3538 3160 nonnulli,
3599 3080 4073 3146 asserentes
4135 3065 4249 3148 lo-

1445 3209 1557 3269 co
1605 3213 1809 3268 mox
1869 3180 2210 3266 laudato
2263 3184 2394 3265 nil
2455 3182 2865 3295 portendi
2940 3182 3167 3266 aliud
3234 3243 3265 3286 9
3330 3210 3592 3292 quam
3656 3191 4246 3276 narrationem

1418 3327 1853 3418 *oretenus
1909 3305 2138 3422 apud
2203 3336 2512 3392 omnes
2590 3309 3020 3426 vulgatam
3085 3369 3107 3392 .
3207 3306 3371 3393 Ast
3440 3303 3549 3391 de
3610 3317 3795 3394 veri
3860 3318 4245 3399 nominis

1446 3436 1665 3518 libro
1724 3462 2222 3522 sermonem
2279 3436 2497 3518 inibi
2545 3434 2730 3518 fieri
2789 3493 2819 3540 ‚
2884 3430 3306 3520 deducere
3374 3450 3503 3517 est
3568 3461 3673 3518 ex
3740 3437 4022 3523 Textu
4070 3440 4247 3525 He-

1443 3562 1705 3648 braeo
1768 3566 1891 3646 sic
1948 3588 2039 3645 se
2094 3560 2465 3642 habente
2505 3590 2528 3641 ε

1754 3724 2040 3897 rme-«3
2100 3653 2625 3897 houba
2679 3724 3040 3891 aas?
3107 3725 3454 3877 aasz
3522 3652 3903 3901 γὲν-92

1443 3944 1770 4030 Idcirco
1831 3939 2148 4022 dicitur
2213 3944 2306 4021 in
2372 3941 2589 4040 libro
2621 3940 3025 4021 bellorum
3057 3940 3414 4023 Domini
3448 3999 3470 4021 .
3536 3943 3947 4053 Quamvis
4003 3943 4245 4027 enim

1443 4092 1596 4158 nno
1664 4062 1896 4148 idem
1938 4058 2461 4174 quandoque
2507 4081 2759 4147 sonet
2788 4119 2823 4167 ,
2883 4090 2981 4148 ac
3014 4067 3542 4148 enumeratio
3572 4124 3603 4169 ,
3636 4067 4008 4149 recensio
4045 4123 4076 4170 ,
4109 4084 4245 4148 ta-

1444 4218 1656 4280 men
1718 4217 1823 4274 eo
1887 4187 2120 4291 loci,
2178 4206 2276 4272 ut
2338 4185 2448 4271 de
2511 4191 2696 4273 veri
2752 4191 3137 4272 nominis
3190 4187 3409 4274 libro
3473 4192 3942 4303 accipiatur
4008 4248 4039 4295 ,
4100 4190 4243 4276 he-

1445 4320 1778 4404 braicae
1835 4332 2292 4430 syntaxeos
2348 4316 2607 4429 exigit
2670 4317 2886 4397 ratio
2929 4371 2954 4393 .
3016 4315 3328 4425 Neque
3413 4319 3516 4399 iis
3606 4342 4058 4427 possumus
4120 4343 4249 4399 as·
4327 4381 4340 4386 -

1445 4445 1753 4529 sentiri
1820 4498 1851 4544 ,
1947 4443 2101 4550 qui
2160 4442 2479 4523 librum
2533 4440 2950 4522 bellorum
3003 4440 3369 4524 Domini
3431 4468 3639 4525 cum
3702 4438 4006 4524 eodem
4070 4439 4248 4524 Nu-

1441 4593 1882 4657 merorum
1936 4565 2151 4650 libro
2183 4623 2214 4670 ,
2275 4569 2370 4647 in
2432 4589 2610 4674 quo
2665 4569 2845 4647 eius
2905 4563 3004 4645 fit
3048 4571 3385 4650 mentio
3419 4622 3451 4669 ,
3514 4563 4243 4652 confundendum

1442 4722 1627 4779 esse
1696 4689 2156 4775 adfirmant
2212 4748 2243 4793 ,
2335 4690 2478 4776 vel
2541 4691 2720 4772 aliis
2787 4686 3168 4799 denique
3221 4691 3537 4776 librum
3605 4719 3786 4777 esse
3843 4691 4239 4803 jnclicnm

1442 4819 1999 4932 opinantibus
2029 4873 2052 4896 .
2115 4814 2202 4899 A
2263 4818 2449 4900 veri
2512 4812 3075 4898 similitudine
3142 4823 3406 4930 primi
3461 4819 3749 4901 abesse
3807 4816 4058 4898 nobis
4119 4818 4244 4900 vi-

1444 4942 1769 5030 dentur
1799 5000 1831 5047 ‚
1895 4968 2172 5053 quum
2234 4943 2792 5053 ‘praecipuam
2859 4939 3219 5026 efferant
3288 4948 3716 5027 rationem
3756 5001 3787 5046 ‚
3850 4937 4083 5052 quod
4144 4943 4235 5024 in

1440 5069 1660 5158 libro
1719 5068 2310 5154 Numerorum
2365 5066 2585 5152 bella
2645 5123 2681 5175 ,
2741 5065 2930 5151 Deo
2985 5065 3467 5156 mandante
3523 5125 3559 5177 2
3652 5068 3757 5152 ab
3829 5067 4234 5153 Hebraeis

4093 5216 4252 5309 ge·.
