4913 6618
1500 543 1613 630 28

1502 672 1666 751 sios
1702 722 1730 767 9
1763 657 1869 749 ad
1915 661 2508 777 Philippenses
2544 720 2574 766 9
2606 655 2711 746 acl
2756 662 3557 750 Thessalonicenses
3597 655 3917 748 duabus
3949 721 3982 770 9
4013 656 4118 748 ad
4150 659 4290 748 Ti·-

1382 850 1387 859 -
1501 790 1952 879 motheum
2017 789 2342 875 duabus
2378 846 2409 893 9
2470 786 2578 872 ad
2637 788 2942 874 Titum
2977 847 3007 892 9
3071 785 3175 873 ad
3236 788 3825 875 Philemonem
3863 848 3893 893 9
3952 784 4059 874 ad
4108 788 4286 873 He-

1500 922 1855 1018 braeos3
1917 915 2152 1000 Petri
2206 912 2593 1016 duabus;
2660 917 2928 1000 tribus
2974 915 3390 1029 Johannis
3448 946 3477 1016 ;
3543 942 3723 999 una
3777 910 4043 1031 Judae
4107 972 4140 1020 9
4200 911 4289 1000 ἃ

1499 1072 1679 1128 una
1729 1040 2081 1156 Jacobi;
2147 1039 2509 1126 Actibus
2569 1036 3180 1152 Apostolorum
3233 1039 3448 1123 libro
3479 1066 3664 1123 uno
3717 1098 3745 1143 9
3805 1038 3893 1126 ἃ·
3946 1039 4292 1152 Apoca-

1496 1171 1721 1283 lypsi
1776 1167 2190 1281 Johannis
2231 1167 2446 1250 libro
2499 1192 2684 1250 uno
2748 1224 2770 1249 .
2842 1226 2905 1273 99
2964 1165 3440 1251 Neminem
3520 1166 3879 1249 interim
3942 1183 4289 1253 moveat

1494 1295 1916 1380 Sanctum
1981 1291 2448 1375 Doctorem
2504 1292 2835 1377 Baruch
2892 1318 3077 1375 non
3138 1293 3639 1375 meminisse
3677 1349 3706 1396 9
3770 1316 3977 1374 cum
4041 1293 4287 1377 enim

1495 1423 1656 1503 iste
1733 1418 2220 1500 Hieremiae
2283 1416 2756 1528 Prophetae
2843 1415 3184 1501 Scribae
3254 1415 3645 1501 officium
3707 1419 4221 1529 praestiterit
4252 1474 4287 1523 9

1494 1542 2038 1656 Prophetiam
2093 1542 2426 1626 Baruch
2478 1562 2894 1654 tanquam
2943 1545 3434 1627 Hieremiae
3464 1559 3798 1654 partem
3846 1538 4286 1655 quandam

1493 1696 1683 1753 non
1744 1694 1984 1752 secus
2040 1692 2138 1750 ac
2203 1685 2535 1752 veteres
2591 1671 2820 1753 bene
2911 1669 3164 1753 multi
3249 1668 3652 1752 fecerunt
3711 1726 3741 1772 9
3802 1665 4037 1779 quod
4097 1668 4288 1752 fuse

1494 1797 1799 1907 probat
1864 1791 2156 1876 Canus
2213 1792 2430 1875 libro
2490 1798 2872 1906 superius
2920 1794 3188 1877 relato
3248 1818 3433 1906 cap.
3472 1812 3593 1876 xl.
3632 1853 3662 1897 9
3693 1797 3810 1878 ita
3853 1792 3941 1879 ἅ
3993 1791 4290 1912 Augu·

1491 1924 1767 2004 stinus
1826 1920 2367 2029 computavit
2434 1977 2456 2000 .
2527 1922 2625 2001 ln
2684 1915 3042 2002 dubium
3099 1946 3350 2030 saepe
3411 1939 3816 2005 vocatum
3876 1938 4006 2003 est
4069 1979 4101 2024 9
4163 1948 4279 2005 an

1489 2065 1826 2158 septem
1861 2046 2170 2132 veteris
2200 2042 2741 2127 Testamenti
2771 2044 3011 2126 Libri
3046 2101 3073 2145 9
3108 2042 3439 2127 Baruch
3469 2101 3497 2146 9
3529 2045 3838 2128 Tobias
3873 2102 3903 2150 9
3925 2042 4220 2159 Judith
4251 2102 4284 2150 9

1488 2171 1925 2283 SapientIa
1963 2226 1990 2270 9
2046 2167 2680 2252 Ecclesiasticus
2740 2225 2770 2270 9
2831 2167 2917 2253 81
2973 2170 3160 2252 bini
3215 2167 3931 2254 Machabaeorum
3998 2169 4284 2254 Cano·

1489 2301 1673 2384 nici
1735 2296 2028 2380 forent
2071 2291 2494 2377 habendi.
2559 2295 2682 2380 Ex
2741 2295 2992 2381 Novo
3036 2298 3353 2406 pariter
3385 2292 3950 2379 Testamento
3983 2292 4285 2381 eadem

1489 2424 1881 2506 efferbuit
1929 2423 2514 2503 controversia
2579 2418 2684 2503 de
2737 2420 3106 2531 Epistola
3153 2419 3392 2504 Pauli
3447 2417 3555 2501 ad
3616 2421 4048 2504 Hebraeos
4081 2479 4111 2525 9
4175 2418 4287 2507 de

1494 2548 1847 2659 epistola
1908 2539 2286 2655 secunda
2341 2546 2629 2660 Jacobi
2673 2605 2701 2648 9
2768 2543 2877 2629 de
2935 2545 3311 2631 secunda
3376 2547 3604 2630 Petri
3641 2604 3669 2649 9
3728 2548 4283 2661 geminisque

1485 2673 2093 2786 posterioribus
2133 2667 2550 2787 Johannis
2587 2729 2617 2774 9
2680 2666 2786 2753 de
2839 2672 3212 2781 Epistola
3260 2669 3523 2786 Judae
3549 2728 3579 2773 9
3642 2667 3730 2754 ἃ
3779 2671 3997 2754 libro
4052 2671 4288 2784 Apo-

1483 2800 1852 2912 calypsis
1887 2855 1909 2878 .
1975 2795 2138 2879 Ast
2191 2796 2721 2881 haereticum
2775 2795 3033 2906 plane
3078 2794 3302 2880 foret
3335 2854 3365 2900 9
3427 2812 3620 2908 post
3685 2794 4061 2881 Concilii
4088 2797 4282 2881 Tri-

1481 2921 1831 3008 dentini
1890 2922 2146 3007 hacce
2205 2918 2313 3003 de
2375 2948 2473 3004 re
2551 2923 2821 3003 latum
2916 2919 3361 3006 decretum
3417 2979 3450 3025 9
3512 2947 3813 3005 eorum
3904 2921 4282 3035 aliquem

1482 3075 1533 3132 e
1566 3049 1933 3135 Canone
1956 3072 2446 3162 expungere
2484 3104 2505 3126 .
2542 3045 3124 3133 Nihilotamen
3182 3052 3477 3131 minus
3524 3049 3991 3133 sciscitanti
4016 3105 4046 3150 9
4075 3074 4286 3157 quo-

1480 3202 1692 3260 nam
1715 3175 2172 3261 catholicae
2194 3173 2617 3257 Ecclesiae
2639 3191 3035 3286 tempore
3066 3232 3096 3278 9
3158 3192 3364 3257 ante
3395 3170 4020 3258 Tridentinum
4051 3171 4286 3259 Con-

1479 3301 1780 3387 cilium
1810 3361 1840 3406 9
1907 3298 2545 3411 Scripturarum
2600 3297 2915 3385 Canon
2955 3359 2986 3406 9
3051 3327 3314 3411 quern
3386 3325 3636 3384 nunc
3694 3325 4216 3384 veneramur
4245 3358 4282 3408 9

1480 3431 1863 3541 primum
1920 3451 2019 3509 ac
2082 3428 2563 3511 universim
2650 3424 2911 3509 fuerit
2969 3444 3388 3537 -receptus
3442 3482 3475 3529 9
3570 3422 4282 3538 respondendum

1472 3572 1700 3638 esset
1732 3612 1763 3659 9
1828 3549 2251 3662 ejusmodi
2304 3554 2897 3665 quaestionem
2951 3549 3478 3636 difficilimae
3517 3577 3698 3638 esse
3761 3551 4212 3636 solutionis
4251 3612 4279 3639 .

1476 3679 1742 3765 Certe
1799 3679 1883 3762 S.
1932 3678 2027 3761 P.
2090 3676 2632 3794 Augustinus
2675 3676 2955 3762 rlibros
3001 3678 3183 3760 illos
3248 3703 3554 3762 omnes
3611 3734 3644 3781 9
3707 3701 3923 3790 quos
3991 3677 4276 3764 Cano·

1473 3808 1723 3890 nicos
1782 3808 1963 3917 ipse
2024 3802 2317 3887 habuit
2350 3863 2380 3907 9
2442 3831 2494 3886 a
2541 3802 2893 3918 singulis
2958 3801 3351 3888 catholici
3403 3804 3628 3886 orbis
3657 3800 4051 3892 Ecclesiis
4084 3832 4274 3892 non

1475 3928 1740 4013 fuisse
1794 3944 2190 4038 receptos
2257 3982 2288 4029 9
2351 3930 2548 4007 satis
2599 3946 2892 4037 aperte
2949 3924 3321 4014 declarat
3372 3931 3468 4012 in
3535 3929 3822 4045 regula
3854 3987 3885 4038 9
3948 3959 4207 4043 quam
4240 3989 4277 4039 9

1475 4074 1577 4140 ut
1629 4080 1918 4165 nuper
1982 4048 2315 4135 dictum
2382 4070 2512 4134 est
2548 4106 2581 4154 9
2644 4051 2829 4161 ejus
2912 4053 3263 4139 Canoni
3325 4056 3813 4167 praeponit
3848 4113 3872 4139 .
3934 4055 4278 4143 Primus

1474 4200 1683 4264 ante
1737 4180 2037 4296 magni
2088 4175 2480 4261 Parentis
2546 4176 2879 4262 obitum
2943 4175 3219 4265 editus
3302 4180 3756 4296 Catalogus
3816 4241 3845 4288 9
3922 4184 4020 4267 in
4095 4209 4277 4293 quo

1474 4306 1689 4391 liber
1745 4303 2230 4417 Sapientiae
2264 4361 2295 4408 9
2356 4301 2994 4388 Ecclesiasticus
3017 4364 3049 4412 9
3110 4306 3474 4410 Tobias9
3528 4303 3824 4422 Judith
3860 4366 3890 4411 9
3950 4305 4037 4394 8<
4086 4307 4278 4393 bini

1472 4431 2192 4522 Machabaeorum
2257 4427 2664 4540 descripti
2721 4448 2930 4515 sunt
2962 4487 2995 4535 9
3055 4459 3162 4517 ex
3226 4429 3573 4519 decreto
3637 4430 4011 4520 Concilii
4057 4432 4275 4546 Hip·

1467 4562 1885 4672 ponensis
1950 4561 2171 4642 anni
2240 4557 2834 4641 tercentesimi
2925 4560 3464 4674 nonagesimi
3542 4562 3775 4643 tertii
3843 4579 3973 4644 est
4035 4583 4278 4670 repe-

1467 4682 1786 4770 tendus
1823 4742 1848 4765 .
1915 4682 2413 4768 Concilium
2469 4679 3148 4799 Carthaginense
3171 4683 3308 4766 111.
3366 4709 3610 4768 anno
3645 4717 3860 4799 397.
3894 4683 4031 4769 vel
4059 4683 4208 4794 98.
4238 4741 4277 4788 9

1469 4806 1950 4921 itidemque
2022 4837 2264 4894 anno
2345 4837 2566 4921 419.
2656 4803 3103 4894 decretum
3192 4805 3398 4892 illud
3476 4808 4028 4894 confirmavit
4058 4864 4083 4892 .
4147 4806 4277 4892 Ex

1468 4935 1892 5022 Romanis
1923 4935 2488 5022 Pontificibus
2519 4931 3089 5021 Innocentius
3121 4933 3186 5016 Ι.
3224 4933 3741 5019 Albanensis
3775 4960 4014 5019 anno
4047 4958 4268 5041 402.
4371 4941 4382 4953 “

1468 5063 2025 5184 inauguratus
2060 5121 2096 5175 9
2154 5064 2253 5149 in
2322 5059 2699 5176 Epistola
2757 5057 2866 5148 ad
2917 5061 3445 5176 Exuperium
3487 5058 4016 5148 Tolosanum
4060 5057 4270 5169 Epi·
4383 5055 4390 5060 ’

2378 5257 2391 5269 .
4085 5206 4269 5272 800-
