4913 6618
3271 498 3464 631 53⁵

581 663 709 753 in·
744 664 891 753 lib.
921 682 1014 749 11.
1080 655 1482 750 adversus
1528 655 2016 744 Ruffinum
2050 711 2080 762 ,
2141 679 2242 743 ac
2299 655 2622 766 repetit
2683 650 2779 735 in
2842 643 3227 750 Prodat.
3287 640 3397 728 ad

583 793 776 878 libr.
849 790 1322 876 Salomonis
1379 789 1852 897 inquiensz
1921 781 2011 865 Si
2075 784 2218 867 cui
2270 805 2480 863 sane
2538 793 2744 863 Lxx,
2796 776 3397 888 Interpretum

592 922 860 1034 magis
913 912 1194 999 Editio
1219 913 1552 1025 placet,
1614 912 1866 997 habet
1920 935 2113 996 eam
2168 936 2220 991 a
2268 906 2520 993 nobis
2553 905 2762 989 olim
2793 896 3392 986 emendatam.

592 1041 902 1151 Neque
956 1041 1199 1123 enim
1265 1067 1497 1125 nova
1559 1040 1679 1121 sic
1728 1028 2128 1120 cudimus
2167 1094 2197 1139 ‚
2261 1048 2364 1117 ut
2385 1048 2680 1117 vetera
2715 1026 3341 1127 destruamus„
3367 1081 3396 1109 .

593 1163 829 1278 Quid
922 1159 1321 1267 demumv
1371 1160 1479 1247 de
1560 1157 2083 1246 editionibus
2151 1159 2597 1247 Versionis
2664 1170 2868 1239 Lxx.
2939 1166 3136 1265 post
3197 1151 3400 1235 artis

597 1288 1361 1404 Thypographicae
1414 1289 2036 1377 inventionem
2078 1279 2125 1366 2
2184 1283 2713 1372 Celebriores
2738 1277 3191 1394 postremis
3225 1301 3403 1361 sae-

599 1419 818 1504 culis
867 1414 1335 1498 elaboratae
1401 1416 1676 1498 multo
1738 1414 1972 1496 inter
2029 1435 2120 1493 se
2189 1408 2530 1495 differre
2567 1398 3345 1518 deprehenduntur
3370 1457 3396 1483 .

603 1540 782 1625 Sub
839 1541 1231 1651 auspiciis
1259 1594 1288 1640 ,
1348 1535 1437 1623 ἃ
1494 1539 1913 1648 impensis
1972 1536 2539 1650 amplissimi,
2598 1530 2687 1618 ἃ
2715 1529 3407 1614 Eminentissimi

604 1666 1041 1753 Francisci
1121 1659 1601 1748 Cardinalis
1678 1663 2093 1745 Ximenes
2152 1718 2183 1767 ‚
2262 1656 2914 1769 Archiepiscopi
2998 1652 3410 1737 Toletani

610 1797 663 1903 (
729 1791 974 1898 cujus
1029 1788 1687 1901 praeclarissima
1750 1789 1843 1868 in
1907 1778 2698 1899 sacro-litterariam
2743 1778 3430 1891 Rempublicam.

606 1914 1027 2000 beneficia
1061 1971 1090 2016 ,
1155 1911 1607 1996 Successor
1670 1909 1851 2019 ejus
1907 1913 2334 2022 piissimus
2363 1966 2393 2013 ,
2453 1932 2727 2017 aeque
2784 1931 2883 1993 ac
2940 1907 3415 2016 sapientiae

612 2042 1024 2139 φιλότατος
1113 2038 1618 2123 Franciscus
1673 2034 2126 2121 Antonius
2182 2030 2657 2120 Cardinalis
2725 2028 2834 2113 de
2899 2030 3415 2117 Lorenzana

608 2168 708 2251 in
807 2164 1421 2277 speciosissima
1500 2178 2003 2248 sanctorum
2090 2158 2381 2245 Toleti
2477 2160 2834 2243 Patrum
2931 2153 3318 2242 editione
3380 2212 3415 2263 ‚

612 2307 919 2399 sancte
974 2291 1205 2373 visus
1269 2305 1398 2373 est
1465 2287 1874 2374 aemulari
1930 2284 1978 2395 )
2046 2288 2142 2368 in
2181 2285 2474 2370 lucem
2503 2279 2823 2394 prodiit
2851 2307 3094 2365 anno
3141 2308 3415 2393 1515.

620 2412 1269 2524 Complutensis
1332 2472 1361 2517 ,
1441 2437 1663 2523 quae
1718 2405 2075 2522 quidem
2136 2437 2188 2492 a
2238 2412 2443 2497 viris
2501 2404 3013 2527 doctissimis
3065 2413 3187 2491 ita
3253 2406 3422 2495 fuit

618 2534 1032 2622 adornata
1064 2593 1096 2640 ,
1159 2557 1258 2622 ut
1309 2535 1729 2623 hodierno
1790 2535 2183 2617 Hebraeo
2235 2536 2554 2620 Textui
2619 2529 3233 2645 responderet:
3263 2558 3420 2619 ve·-

620 2679 1117 2749 rumtamen
1188 2688 1548 2775 scopum
1608 2656 1897 2770 adepti
1928 2714 1960 2764 ‚
2022 2662 2118 2741 in
2179 2656 2389 2743 illud
2449 2655 2840 2745 incidere
2875 2715 2907 2764 ,
2973 2653 3208 2772 quod
3267 2686 3426 2771 pa-

625 2814 827 2871 rum
889 2803 1109 2870 esset
1162 2784 1493 2873 Graeco
1555 2787 1868 2873 veteris
1924 2804 2110 2869 Lxx.
2170 2786 2448 2871 textui
2471 2801 3061 2870 consentanea
3086 2842 3109 2865 .
3167 2782 3431 2875 Hanc

622 2908 897 2997 Aldus
991 2909 1448 2996 Manutius
1510 2910 1902 2997 Venetus
2002 2915 2351 3024 proprio
2414 2910 2705 3022 praelo
2763 2911 3206 2996 commisit
3261 2936 3429 2995 an-

628 3063 756 3123 no
832 3067 865 3118 1
889 3063 936 3149 5
960 3036 1102 3123 18.
1140 3094 1173 3142 ,
1218 3040 1330 3122 in
1385 3034 1858 3121 subsidium
1921 3036 2214 3121 accitis
2279 3039 2872 3122 vetustissimis
2908 3031 3368 3120 codicibus
3393 3091 3430 3141 ,

631 3179 735 3247 ut
789 3163 1084 3246 minus
1141 3188 1239 3247 ac
1307 3162 1953 3275 complutensis
2012 3186 2062 3243 a
2127 3182 2317 3246 Lxx.
2353 3158 2696 3248 Senum
2749 3165 3151 3249 versione
3206 3159 3433 3248 foret

630 3288 910 3374 aliena
943 3343 969 3368 .
1034 3286 1481 3404 Postremo
1533 3288 1938 3373 Romana
1995 3313 2096 3371 ex
2162 3282 2489 3375 Codice
2552 3283 2747 3373 MS,
2818 3283 3242 3374 Vaticano
3274 3286 3436 3372 sub

634 3410 1054 3530 Gregorio
1107 3414 1328 3500 XIII.
1400 3432 1761 3525 coepta,
1820 3410 2038 3497 Sixti
2089 3410 2200 3499 V.
2262 3415 2500 3525 jussu
2572 3440 2818 3499 anno
2887 3415 3157 3530 1587.
3230 3414 3441 3525 juris

634 3537 963 3653 publici
1019 3536 1244 3624 facta
1296 3557 1427 3627 est
1453 3596 1476 3620 .
1540 3540 1778 3626 Haec
1836 3563 2043 3622 sane
2109 3595 2142 3641 ‚
2202 3565 2425 3650 quae
2481 3542 2717 3624 inter
2770 3565 3080 3626 omnes
3144 3557 3445 3628 extan-

634 3680 768 3753 tes
835 3658 1200 3750 Graecas
1248 3665 1674 3751 editiones
1732 3722 1764 3769 ‚
1850 3681 2250 3749 veterum
2322 3663 2682 3747 Patrum
2746 3665 3265 3748 testimoniis
3340 3692 3446 3750 ex

640 3805 833 3874 ικκ.
888 3793 1299 3875 mutuatis
1336 3850 1368 3896 ,
1429 3787 1692 3875 dubio
1751 3787 2055 3902 procul
2117 3817 2322 3902 prae
2363 3790 2717 3875 caeteris
2769 3803 3196 3876 consonat
3226 3846 3261 3897 9
3295 3817 3450 3903 po-

639 3916 1074 4024 tissimum
1135 3911 1498 4002 debetur
1552 3914 2315 4031 magnanimitati,
2374 3932 2635 4026 atque
2671 3916 2760 3999 in
2773 3916 3033 4032 genio
3084 3909 3190 3998 ad
3247 3921 3438 4029 opti

642 4064 791 4125 ma
839 4066 1232 4152 quaeque
1279 4042 2020 4152 comparatissimo
2069 4037 2452 4125 Antonii
2511 4038 2993 4126 cardinalis
3062 4037 3372 4125 Carafa
3414 4087 3449 4111 -

645 4161 774 4251 At
835 4168 1081 4250 enim
1144 4159 1182 4248 ai
1237 4164 1601 4260 δπίιιλησις
1664 4188 1911 4248 nunc
1970 4169 2255 4248 menti
2298 4167 2679 4251 occurrit
2711 4226 2739 4262 ,
2805 4168 2978 4249 nisi
3007 4162 3235 4248 aliud
3266 4194 3458 4283 age.

649 4314 746 4374 re
806 4286 1300 4376 videremur
1333 4351 1365 4397 ,
1426 4296 1547 4383 viic
1610 4289 1923 4379 οἰκετείας
1974 4287 2301 4373 Heroas
2335 4292 2748 4401 plurimos
2794 4280 3259 4400 ἆσμενίςατα
3321 4319 3458 4375 re·-

649 4413 1128 4502 coleremus
1163 4473 1187 4497 .
1255 4414 1726 4529 Supremus
1798 4413 2219 4499 Ecclesiae
2301 4414 2801 4528 Hyerarcha
2882 4416 3190 4499 Paulus
3246 4413 3393 4499 1V.
3424 4476 3458 4523 ,

650 4558 909 4625 antea
974 4542 1276 4627 Petrus
1340 4536 1815 4629 Cardinalis
1871 4536 2176 4624 Carasa
2207 4597 2240 4644 ‚
2302 4544 2689 4649 ἀκάματος
2746 4539 2886 4624 ille
2919 4535 3463 4629 orthodoxae

654 4660 900 4750 Fidei
948 4661 1295 4751 Vindex
1323 4724 1354 4772 ,
1418 4671 1803 4780 primum
1861 4681 2083 4749 esset
2143 4663 2495 4749 honoris
2558 4687 2848 4750 caussa
2916 4692 3464 4752 commemo:-

659 4786 982 4874 randus
1017 4822 1042 4874 ε
1112 4786 1283 4877 Sed
1312 4797 1467 4904 qui
1497 4791 1682 4901 ejus
1727 4784 2228 4877 evolvendis
2272 4785 2663 4876 laudibus
2696 4795 3064 4903 impares
3109 4818 3405 4876 sumus
3428 4850 3463 4899 ,

661 4912 1069 5000 libratum
1130 4916 1539 5002 panvinii
1594 4916 1869 5000 nostri
1927 4909 2039 4998 de
2104 4931 2357 5002 tanto
2436 4913 2862 5000 Pontifice
2953 4912 3370 5026 judicium
3428 4975 3462 5023 ‚

665 5037 920 5137 liceat
984 5037 1363 5152 referrc3
1424 5042 1596 5135 Hic
1656 5043 1760 5131 in
1817 5037 2001 5155 eius
2067 5037 2269 5139 Vita
2322 5040 2670 5165 scribit:
2737 5039 3074 5134 Sanctis
3106 5044 3277 5127 suis
3316 5044 3468 5124 in-

3296 5165 3461 5254 cti-
