4913 6618
1599 552 1774 636 128

1555 679 1870 778 ‚stituit
1918 680 2010 759 in
2075 668 2480 792 Aegypto
2533 672 3285 767 Mamaluccorum
3336 690 3656 762 sectam
3715 730 3747 783 9
3808 700 3962 762 seu
4043 674 4398 792 stipae’n-'

1584 803 1905 886 diarios
1940 861 1970 906 ,
2032 830 2129 887 ac
2178 804 2614 890 ministros
2672 832 2807 885 ·ex
2893 801 3396 887 Christianis
3479 803 4144 886 Mahumetanos
4178 863 4209 909 ‚
4270 798 4380 887 ad

1581 927 1905 1010 bellum
1959 932 2426 1012 instructos
2467 987 2498 1033 ,
2557 926 2645 1017 8(
2709 925 3165 1038 aliquando
3231 927 3338 1013 ad
3392 928 3948 1012 Sultanorum
4004 924 4380 1043 dignita-

1509 1080 1513 1086 ·
1578 1067 1766 1137 tem
1821 1073 2164 1140 evectos
2218 1112 2239 1136 .
2308 1056 2926 1140 Decimotertio
2991 1055 3328 1137 saeculo
3390 1081 3657 1166 prope
3729 1071 4104 1138 exeunte
4138 1110 4168 1157 ‚
4232 1051 4372 1139 vel

1581 1196 1685 1265 ut
1736 1180 1877 1262 alii
1921 1182 2232 1266 volunt
2269 1235 2300 1281 ‚
2362 1184 2519 1265 sub
2552 1179 3148 1289 decimiquarti
3213 1182 3466 1263 initio
3496 1233 3526 1280 ,
3591 1178 3977 1263 Otbmen
4017 1236 4046 1282 ‚
4108 1176 4371 1293 vulgo

1582 1303 2118 1391 Othomanus
2177 1305 2527 1390 Ciliciae
2584 1303 3075 1387 Praefectus
3142 1364 3172 1410 ,
3236 1323 3583 1389 mortuo
3653 1302 4031 1388 Aladino
4094 1302 4367 1387 Iconii

1573 1426 1937 1514 Sultano
1971 1489 2000 1535 ‚
2065 1435 2523 1542 occupavit
2568 1431 3035 1514 Bithiniam
3074 1490 3102 1535 ‚
3162 1430 3247 1517 8(
3301 1430 3924 1513 Othomanicae
3990 1426 4360 1514 familiae

1574 1579 1903 1639 nomen
1941 1614 1968 1658 ,
2032 1577 2290 1667 atque
2345 1560 2813 1668 imperium
2865 1554 3099 1642 dedit
3135 1616 3157 1639 .
3226 1554 3663 1642 Orchanes
3701 1613 3728 1655 ‚
3787 1552 4361 1659 Arnurathes,

1566 1676 2055 1788 Bajazethes
2094 1741 2122 1784 ‚
2185 1684 2307 1764 Isa
2345 1741 2373 1786 ‚
2433 1682 2914 1767 Solimanus
2951 1743 2981 1789 ‚
3045 1683 3353 1766 Mousa
3390 1740 3419 1783 ‚
3455 1682 3991 1765 Mahumetes
4029 1736 4057 1781 ,
4082 1674 4358 1762 Amu-

1565 1805 1844 1888 rathes
1905 1808 2008 1890 H.
2072 1808 2615 1897 Mahumetes
2678 1809 2777 1890 11.
2849 1809 3340 1918 Bajazethus
3398 1805 3500 1889 Il.
3559 1805 3897 1889 saeculo
3958 1823 4144 1891 XIV.
4204 1810 4351 1894 xv.

1564 1956 1666 2014 ac
1735 1949 1909 2020 XVI.
1982 1937 2445 2046 imperium
2502 1953 2865 2018 tenuere
2928 1993 2959 2041 ,
3046 1960 3322 2045 usque
3368 1929 3472 2016 ad
3530 1931 3946 2016 Selimum
4003 1929 4068 2014 Ι.
4110 1987 4140 2033 ,
4203 1933 4353 2040 qui

1565 2054 2075 2173 Aegyptum
2140 2063 2396 2142 armis
2447 2063 2905 2172 occupavit
2944 2117 2972 2160 ‚
3038 2059 3394 2145 Sultano
3451 2057 3632 2166 ejus
3700 2059 3986 2140 occiso
4019 2115 4050 2159 ,
4110 2048 4345 2170 dele-

1547 2197 1822 2293 .taque
1877 2214 1926 2267 a
1983 2183 2376 2270 Saladino
2440 2190 2835 2270 instituta
2888 2183 3630 2268 Mamaluccorum
3662 2200 3890 2266 secta
3927 2238 3949 2263 .
4017 2177 4347 2264 Atem-

1556 2333 1766 2418 pore
1830 2313 2122 2423 itaque
2182 2310 2691 2415 Haumaris‚
2750 2339 2927 2422 quo
2980 2312 3154 2420 jam
3185 2310 3601 2393 haeretica
3632 2310 3811 2391 lues
3844 2305 4345 2421 Aegyptum

1558 2433 2042 2542 infecerat,
2104 2436 2610 2522 faustissima
2678 2438 2883 2522 haec
2956 2495 2984 2540 ‚
3048 2439 3346 2549 primis
3425 2435 3845 2520 Ecclesiae
3903 2431 4249 2516 saeculis
4309 2488 4342 2538 ‚

1552 2563 1790 2674 regio
1822 2620 1852 2666 ‚
1918 2563 2122 2679 jugo
2172 2568 2594 2675 premitur
2648 2561 3136 2654 infidelium
3203 2622 3225 2645 .
3328 2563 3767 2644 Rexerant
3823 2556 4337 2643 patriarcha·

1554 2682 1733 2767 lem
1782 2683 2465 2774 Alexandrinam
2520 2687 2829 2773 Sedem
2885 2711 3079 2835 post
3130 2688 3215 2772 8.
3254 2688 3654 2772 Marcum
3712 2683 4337 2798 Evangelistam

1557 2812 1722 2895 viri
1787 2810 1874 2897 8(
1940 2813 2309 2917 litteris,
2372 2813 2460 2900 8(
2513 2819 2831 2927 pietate
2904 2817 2997 2895 in
3075 2816 3499 2898 Ecclesiae
3549 2814 3814 2896 Fastis
3879 2834 4335 2894 commen·
4444 2807 4453 2814 ’

1549 2930 2020 3020 (latissimi.
2086 2939 2379 3024 Primo
2430 2939 2787 3051 quidem
2851 2941 3186 3023 saeculo
3233 2940 3635 3024 Anianus
3660 2934 4107 3041 ‚Avilius,
4144 2934 4331 3019 Cer·

1545 3060 1658 3143 clo
1689 3119 1719 3165 ,
1781 3065 1925 3147 cui
1985 3065 2321 3149 saeculo
2383 3063 2769 3152 secundo
2832 3070 3238 3150 successit
3300 3066 3646 3149 Primus
3703 3118 3737 3166 ‚
3799 3056 4116 3144 deinde
4155 3064 4323 3168 Ju-

1543 3204 1734 3270 stns
1766 3243 1797 3290 ,
1857 3188 2411 3304 Hymenaeus
2437 3247 2468 3293 ‚
2524 3192 3042 3275 Marcianus
3084 3248 3112 3293 ‚
3172 3190 3576 3275 Celaclion
3619 3245 3647 3290 ,
3714 3186 4263 3304 Agrippinas
4294 3243 4325 3291 ,

1521 3311 1929 3416 Julianus
1996 3372 2026 3419 ‚
2119 3315 2605 3400 Demetrius
2670 3373 2696 3398 .
2783 3313 3086 3400 Eidem
3149 3316 3483 3400 saeculo
3541 3314 3675 3396 111.
3766 3309 4326 3431 praefuerunt

1539 3435 1957 3521 Her-aclas
1988 3497 2020 3543 ,
2074 3441 2514 3526 Dionisius
2550 3499 2581 3547 ,
2648 3443 3109 3526 Maximus
3145 3500 3175 3546 9
3247 3441 3642 3525 Theonas
3670 3497 3692 3520 .
3759 3441 4087 3550 Quarto
4119 3465 4323 3522 vero

1534 3558 1850 3644 Petrus
1881 3620 1910 3666 ‚
1936 3563 2437 3649 Alexander
2472 3625 2505 3671 ,
2527 3563 3061 3652 Athanasius
3097 3625 3127 3672 ,
3157 3568 3470 3652 Petrus
3500 3564 3614 3648 ΙΙ.
3650 3620 3685 3669 ,
3712 3563 4268 3648 Thimotheus
4288 3624 4320 3670 ,

1539 3683 2056 3803 Theophilus
2088 3749 2114 3775 .
2181 3690 2604 3776 Suffectus
2658 3695 2857 3778 huic
2920 3713 3048 3777 est
3123 3693 3735 3780 invictissimus
3801 3688 3942 3783 ille
4012 3687 4316 3772 Nesto-

1528 3811 1973 3899 rianorum
2024 3812 2522 3933 profligator
2559 3878 2587 3922 ‚
2647 3817 3061 3928 Fideique
3124 3819 3706 3901 sanctissimus
3759 3813 4111 3898 Athleta
4142 3813 4313 3928 Cy·

1523 3936 1759 4020 tillus
1786 3995 1816 4042 ,
1879 3944 2034 4050 qui
2072 3936 2464 4044 nedum,
2524 3938 2921 4028 adversus
2974 3943 3349 4027 Nestorii
3380 3945 3915 4053 impietatem
3942 3995 3975 4045 ,
4032 3937 4306 4053 Syno-

1526 4056 1743 4146 dum
1793 4069 2143 4181 coegit,
2207 4063 2354 4149 sed
2409 4000 2497 4152 8(
2558 4072 2948 4179 quinque
3014 4072 3351 4180 scripsit
3413 4070 3928 4169 volumina,
3989 4066 4083 4146 in
4121 4067 4303 4174 qui-

1520 4184 1679 4270 bus
1724 4190 1929 4272 licet'
1987 4189 2640 4297 Theodoretus,
2701 4197 3011 4305 aliique
3079 4189 3719 4305 reprobandum
3780 4207 4251 4275 assererent
4272 4246 4305 4295 ,

1521 4312 1756 4424 quod
1808 4314 2071 4401 Verbi
2135 4317 2571 4406 lncarnati
2619 4317 2926 4405 dixerit
2987 4320 3158 4430 μίαν
3246 4317 3440 4425 ova-cr
3526 4319 3969 4405 Naturam
4035 4343 4297 4405 unam

1516 4460 1861 4526 certum
1946 4461 2245 4528 tamen
2325 4462 2456 4528 est
2517 4502 2547 4548 ‚
2610 4447 3127 4532 vocabulum
3195 4443 3426 4545 φύσιος
3487 4502 3517 4548 ‚
3610 4444 3800 4527 loco
3882 4438 4296 4534 ὖπός-αστος

1513 4592 1959 4678 usurpasse
1995 4627 2018 4649 .
2085 4566 2440 4679 Scripsit
2502 4573 2861 4681 insuper
2916 4574 3055 4658 hic
3110 4570 3197 4653 S.
3235 4570 3626 4655 Antistes
3661 4564 4295 4652 Alexandrinus

1509 4692 1621 4776 cle
1691 4693 2120 4775 Trinitate
2153 4751 2184 4796 ‚
2230 4695 2340 4777 cle
2386 4695 2992 4780 lucar-natione
3026 4755 3057 4802 ‚
3122 4693 3232 4779 de
3291 4698 3564 4781 Recta
3594 4694 3807 4779 Fide
3832 4749 3863 4795 ‚
3926 4718 4024 4776 ac
4058 4718 4295 4805 prae-

1507 4834 1646 4902 ter
1705 4821 2019 4901 suimet
2078 4820 2503 4936 apologias
2538 4881 2564 4916 ,
2624 4820 3009 4906 homilias
3064 4880 3097 4928 ,
3155 4821 3720 4933 epistolasque
3774 4819 4241 4930 permultas
4260 4872 4293 4921 ,

1503 4948 1600 5027 in
1655 4942 2340 5030 pentateuchum
2368 5003 2401 5048 ‚
2463 4946 2922 5058 Prophetas
2980 5005 3013 5054 ,
3103 4943 3192 5031 8(
3245 4945 3807 5060 Evangelium
3878 4942 4295 5058 Johannis

1503 5069 2164 5185 locupletissima
2225 5064 2898 5162 Commentaria
2928 5131 2950 5156 .
3013 5067 3415 5171 Tandem
3455 5072 4034 5164 Eclanensem
4079 5071 4288 5182 Epi·

4122 5219 4291 5281 sco·
