4913 6618
1526 570 1704 658 106

1522 697 1828 780 nacula
1867 752 1886 775 .
1929 685 2619 780 'Observandum
2684 713 2978 779 tamen
3050 710 3180 780 est
3230 689 3552 807 duplici
3605 686 3868 805 Syros
3927 747 3955 793 9
4018 692 4321 781 saltem

1522 819 2097 906 occidentales
2133 880 2161 923 9
2225 826 2355 906 uti
2423 827 2819 908 versione
2856 878 2886 920 9
2949 848 3312 929 quarum
3363 823 3621 906 altera
3685 819 4052 927 antiqua
4105 877 4136 922 9
4234 820 4324 907 δε

1520 949 1886 1062 simplew
1929 945 2245 1031 dicitur
2280 1005 2307 1048 9
2370 975 2469 1032 ac
2528 946 2802 1033 Vetus
2855 945 3521 1031 Testamentum
3579 972 3682 1028 ex
3738 944 4100 1028 hebraeo
4129 944 4338 1029 fon-⁴

1515 1089 1604 1156 te
1666 1074 2174 1158 translatum
2245 1071 2583 1158 exhibet
2622 1134 2650 1177 9
2711 1071 3237 1178 Novumque
3293 1100 3396 1157 ex
3430 1068 3825 1170 Graeco;
3894 1068 4153 1154 altera
4179 1099 4319 1156 ve-

1517 1225 1617 1280 ro
1665 1204 2098 1284 recentior
2156 1226 2205 1281 e
2261 1195 2593 1283 Graeco
2657 1216 3000 1282 tantum
3056 1196 3461 1283 idiomate
3523 1222 3961 1309 expressa.
4028 1194 4317 1282 Prima

1516 1351 1823 1408 omnes
1877 1344 2074 1437 post
2140 1321 2585 1408 Christum
2674 1325 3195 1408 elucubratas
3287 1325 3726 1409 versiones
3794 1324 4312 1433 antiquitate

1514 1450 1891 1532 creditur
1953 1474 2347 1558 superare
2419 1507 2448 1551 9
2537 1468 2965 1562 postrema
3028 1469 3237 1534 ante
3300 1450 3694 1534 millenos
3761 1473 4039 1530 annos
4106 1476 4312 1532 con-

1511 1574 1734 1659 fecta
1793 1603 1841 1658 a
1892 1578 2095 1657 viris
2144 1568 2413 1658 doctis
2475 1575 2962 1684 judicatur:
3034 1572 3265 1687 quod
3331 1581 3399 1660 si
3463 1577 3870 1687 probetur
3938 1631 3966 1674 9
4066 1600 4310 1686 argu·

1509 1719 1914 1786 mentum
1973 1697 2179 1784 inde
2240 1705 2420 1810 peti
2470 1706 2785 1815 poterit
2849 1727 3007 1814 pro
3057 1705 3274 1786 illius
3341 1705 3756 1811 antiquae
3789 1757 3820 1800 9
3850 1694 3956 1785 <36
3985 1696 4309 1811 simpli-

1506 1827 1628 1907 cis
1681 1845 2108 1915 vetustate
2144 1884 2164 1905 .
2233 1828 2640 1938 Quonam
2696 1855 2906 1915 vero
2964 1830 3275 1914 isthaec
3358 1825 3719 1911 definito
3803 1842 4200 1932 tempore
4275 1884 4308 1930 9

1506 1974 1797 2060 quove
1850 1971 2195 2036 auctore
2232 1952 2641 2063 prodierit
2677 2011 2705 2054 9
2772 1958 3002 2036 inter
3037 1956 3564 2065 inexplorata
3599 1953 3989 2067 cogimur
4021 1949 4306 2033 aman·

1488 2073 1706 2161 dare
1742 2109 1764 2161 ε
1832 2077 2141 2190 Neque
2202 2082 2445 2163 enim
2480 2076 2737 2165 fidem
2777 2095 3156 2165 nostram
3210 2081 3446 2191 Syris
3491 2080 3651 2162 illis
3686 2074 4240 2193 adjungimus
4275 2135 4308 2180 9

1498 2207 1653 2312 qui
1717 2202 2054 2286 Veteris
2117 2203 2661 2292 Testamenti
2727 2206 2980 2288 libros
3033 2204 3535 2317 quosdam·9
3600 2204 3922 2287 scilicet
3994 2202 4306 2286 Penta·

1500 2327 1918 2413 teuchum
1957 2388 1985 2433 9
2046 2333 2353 2448 Josue9
2411 2331 2814 2457 Judices‘9
2870 2331 3027 2446 Job
3066 2332 3416 2433 ‚Ruth9
3478 2348 3870 2441 tempore
3926 2324 4308 2412 Salomo-

1496 2457 1640 2535 nis
1681 2513 1709 2556 9
1773 2455 1876 2538 ad
1940 2483 2232 2570 preces
2301 2457 2640 2542 Hirami
2704 2457 2963 2572 Regis
3011 2458 3235 2569 Tyri
3307 2457 3657 2569 Syriace
3715 2451 4087 2536 redditos
4155 2481 4304 2540 vo·
4437 2568 4446 2576 Ι

1502 2577 1760 2680 lunt9
1828 2610 2121 2693 neque
2166 2583 2358 2663 aliis
2409 2584 2979 2667 asserentibus
3049 2583 3149 2666 V.
3176 2583 3283 2666 T.
3345 2584 3599 2664 libros
3651 2581 4022 2688 reliquos
4069 2633 4101 2680 ,
4159 2578 4305 2666 vel

1495 2732 1807 2789 omnes
1868 2713 2028 2791 sub
2087 2708 2430 2822 Abgaro
2487 2706 2847 2794 Edessae
2901 2713 2995 2790 in
3055 2708 3299 2821 Syria
3364 2708 3607 2821 Rege
3643 2763 3671 2806 9
3736 2705 3994 2788 fuisse
4079 2731 4303 2789 con-

1497 2857 1784 2915 versos
1824 2891 1844 2914 .
1913 2835 2083 2920 Illis
2153 2861 2503 2946 quoque
2554 2838 2847 2918 renuit
2898 2837 3239 2917 animus
3297 2838 3836 2942 acquiescere
3874 2889 3902 2932 9
3968 2833 4116 2940 qui
4157 2860 4301 2915 au-

1486 2974 1817 3041 ctorem
1875 2961 2101 3047 Novi
2163 2959 2705 3048 Testamenti
2755 2958 3079 3071 Syriaci
3116 2964 3609 3042 existimant
3644 2957 4293 3071 Apostolicum.

1482 3076 1878 3170 Priorum
1935 3086 2471 3173 saeculorum
2519 3086 2944 3170 Ecclesiae
3012 3086 3303 3170 Patres
3345 3144 3373 3187 9
3437 3084 3846 3169 Clemens
3906 3082 4293 3168 Alexan-

1483 3203 1785 3293 drinus
1823 3269 1851 3313 9
1915 3213 2339 3330 Origenes
2380 3272 2408 3315 9
2473 3212 2886 3295 Eusebius
2923 3269 2951 3311 9
3017 3213 3329 3322 aliique
3370 3214 3463 3292 in
3504 3209 3745 3324 Syria
3781 3268 3809 3312 9
3870 3207 3957 3295 8<
3991 3205 4290 3325 Aegy-

1477 3352 1635 3446 pto
1691 3338 2091 3452 Episcopi
2154 3397 2181 3440 9
2248 3343 2399 3450 qui
2492 3335 2600 3421 de
2682 3342 2934 3420 sacris
3010 3338 3471 3449 Scripturis
3535 3356 3906 3452 egerunt
3973 3396 4004 3439 9
4064 3336 4285 3419 illius

1475 3462 1889 3573 antiquae
1960 3526 1988 3568 9
2027 3465 2158 3569 ,ὃς
2218 3465 2627 3580 simplic-is
2709 3468 3127 3548 versionis
3192 3463 3682 3550 nullatenus
3743 3467 4229 3547 meminere
4264 3520 4288 3543 .

1470 3581 1882 3672 Fatemur
1937 3612 2233 3677 tamen
2298 3594 2783 3674 innotuisse
2840 3591 3147 3674 Basilio
3181 3649 3209 3691 9
3274 3588 3895 3704 Chrysostomo
3923 3647 3950 3690 9
4011 3586 4290 3673 Theo·

1474 3707 1758 3798 dorito
1791 3773 1820 3817 9
1884 3718 2347 3802 Ambrosio
2380 3777 2404 3813 9
2466 3715 2963 3831 Augustino
3031 3774 3059 3815 9
3149 3733 3249 3799 ut
3304 3719 3418 3796 ait
3506 3712 3983 3799 Cardinalis
4044 3710 4288 3799 Gotti

1469 3838 1665 3924 loco
1723 3869 2007 3955 nuper
2075 3844 2338 3926 relato
2408 3898 2439 3945 9
2533 3846 2893 3953 insuper
2951 3838 3362 3950 adjiciens
3416 3838 3934 3926 Versionem
3993 3840 4288 3952 Syria-

1469 3988 1664 4048 cam
1724 3965 1956 4053 Novi
2008 3969 2552 4050 Testamenti
2615 3971 2995 4077 priorum
3050 3966 3586 4051 saeculorum
3651 3969 4035 4053 Patribus
4103 3992 4282 4051 esse

1470 4096 2046 4202 posteriorem
2084 4149 2113 4193 9
2176 4089 2262 4177 ἃ
2313 4120 2489 4204 quo
2547 4112 2895 4176 auctore
2930 4151 2961 4195 9
3027 4120 3201 4203 quo
3268 4110 3664 4206 tempore
3729 4093 3993 4181 {berit
4039 4090 4283 4176 ador-

1466 4234 1672 4299 nata
1710 4277 1737 4320 9
1801 4239 2044 4304 certe
2091 4220 2285 4302 sciri
2358 4245 2539 4301 non
2606 4246 2915 4330 posse3
2982 4223 3206 4305 sicut
3274 4247 3436 4303 nec
3493 4247 3605 4303 an
3659 4226 3934 4309 versio
3987 4219 4278 4335 Syria-

1463 4369 1563 4428 ca
1591 4402 1619 4446 9
1685 4373 1949 4456 quam
2017 4340 2271 4430 hodie
2336 4348 2427 4427 in
2504 4342 3003 4462 polyglottis
3071 4348 3478 4431 habemus
3550 4403 3580 4448 9
3644 4343 3951 4433 eadem
4015 4351 4124 4430 sit
4180 4371 4277 4432 ac

1460 4470 1604 4556 illa
1641 4527 1670 4571 9
1727 4501 1958 4584 quae
2025 4474 2310 4585 primo
2369 4468 2599 4555 edita
2653 4473 2820 4556 fuit
2858 4531 2888 4575 9
2947 4470 3035 4558 ἃ
3088 4476 3184 4554 in
3247 4475 3604 4583 antiqua
3686 4475 4063 4561 Ecclesia
4137 4498 4277 4555 re-

1458 4614 1713 4705 cepta
1748 4655 1812 4700 99
1855 4656 1879 4681 .
1945 4598 2077 4681 De
2143 4598 2328 4706 ejus
2378 4602 2886 4680 auctoritate
2942 4623 3129 4681 non
3200 4613 3328 4679 est
3388 4594 3618 4708 quod
3685 4602 3974 4687 multis
4030 4623 4277 4717 agere

1460 4719 1981 4823 debeamusg
2041 4721 2219 4831 jam
2285 4725 2531 4807 enim
2593 4723 2866 4835 liquet
2924 4726 3494 4810 inconcussae
3531 4726 4074 4815 certitudinis
4109 4721 4285 4808 fru-

1459 4868 1709 4934 ctum
1777 4874 1882 4931 ex
1940 4874 2038 4931 ea
2096 4850 2426 4962 percipi
2494 4875 2685 4934 non
2757 4877 3003 4969 posse
3072 4908 3103 4951 9
3168 4868 3353 4935 esto
3399 4847 3504 4934 ad
3573 4847 4280 4943 dilucidationem

1459 4970 1838 5063 Hebraei
1901 4974 2230 5058 Textus
2266 5032 2293 5076 9
2353 4970 2458 5058 ad
2510 4972 3209 5063 confirmandam
3286 4974 3744 5093 Vulgatam
3807 5038 3842 5098 9
3908 4979 4277 5063 novissi-

1459 5125 1821 5216 mosque
1873 5102 2346 5188 haereticos
2413 5101 2894 5219 arguendos
2927 5161 2960 5211 9
3028 5129 3443 5223 magnam
3504 5101 3803 5195 afferre
3838 5121 4094 5221 queat
4130 5104 4287 5188 uti·

4098 5227 4283 5313 lita-
