4913 6618
621 561 767 653 rus
815 572 1108 655 aute‘m
1168 562 1312 654 ille
1344 622 1377 673 ‚
1438 560 1545 650 ad
1582 578 1850 678 quem
1882 568 2188 682 legatio
2222 625 2251 671 ,
2310 564 2549 673 juxta
2572 564 3038 686 Josephum
3075 621 3106 669 ,
3131 560 3448 649 Ouiae.
3523 666 3530 681 ἱ

617 697 881 805 primi
942 693 1163 777 filius
1225 709 1408 778 erat
1443 750 1474 797 ,
1537 692 1967 779 Simeonis
2015 693 2219 801 justi
2266 689 2531 774 frater
2587 750 2622 798 ‚
2682 689 2793 774 de
2865 717 3042 802 quo
3101 689 3417 776 Siraci-

616 812 766 902 des
827 845 1016 930 cap.
1064 848 1202 901 10.
1252 820 1632 930 loquitur
1669 877 1700 924 ,
1758 816 1846 905 ἃ
1891 813 2133 936 Jaddi
2201 842 2473 926 nepos
2524 872 2553 918 ,
2619 819 2775 924 qui
2834 812 3151 898 dicitur
3207 813 3409 901 Ale-

614 939 942 1026 xandro
997 970 1317 1058 magno
1363 939 1710 1031 obviam
1754 946 2004 1029 ivisse
2036 1000 2067 1048 ,
2127 941 2216 1030 δι
2244 941 2751 1058 illiJudaeos
2773 942 3406 1025 conciliavisse.

613 1064 1052 1152 Eleazarus
1106 1086 1590 1155 convocato
1623 1067 2026 1155 Concilio
2056 1073 2285 1155 viros
2311 1068 2565 1184 elegit
2590 1094 2696 1151 ex
2729 1065 3104 1177 qualibet
3133 1065 3407 1151 Tribu

612 1216 764 1277 sex
796 1248 831 1297 ,
890 1191 976 1278 8<
1033 1195 1271 1278 misit
1322 1189 1433 1278 ad
1481 1193 1820 1308 Regem
1882 1223 2066 1279 una
2125 1220 2332 1282 cum
2417 1191 2878 1303 exemplari
2936 1189 3404 1276 Librorum

612 1342 1051 1402 sacrorum
1088 1375 1119 1422 ,
1179 1316 1413 1430 quod
1477 1345 1580 1401 ex
1629 1318 1922 1404 multis
1977 1321 2503 1411 membranis
2557 1315 3008 1400 artificiose
3060 1340 3401 1402 conne-

610 1444 738 1523 xis
799 1445 1248 1530 constabat
1302 1501 1333 1549 ,
1394 1471 1555 1557 pro
1621 1469 1864 1529 more
1931 1443 2452 1561 Judaeorum
2488 1500 2519 1547 ,
2577 1440 2665 1526 81
2741 1441 3044 1525 litteris
3127 1443 3402 1525 aureis

611 1584 796 1653 erat
858 1565 1387 1681 descriptum
1425 1625 1447 1646 .
1513 1569 1703 1651 Rex
1735 1596 2077 1682 summo
2108 1567 2416 1685 gaudio
2471 1593 2614 1650 eos
2660 1571 2997 1677 excepit
3030 1624 3061 1670 ,
3119 1563 3207 1652 ἃ
3239 1592 3400 1652 vo·-
3467 1640 3474 1651 .

607 1690 944 1777 lumina
1001 1719 1233 1779 sacra
1287 1686 1949 1779 venerabundus
1979 1698 2359 1806 aspexite
2429 1710 2625 1803 post
2650 1692 2923 1776 multa
2953 1717 3161 1779 vero
3190 1717 3405 1775 con-

610 1817 840 1902 vivia
867 1876 897 1921 ‚
957 1815 1043 1902 ἃ
1091 1818 1512 1928 colloquia
1547 1877 1577 1921 ‚
1637 1820 1733 1900 in
1798 1820 2175 1905 insulam
2231 1819 2606 1904 Pharum
2641 1875 2671 1922 ‚
2733 1837 3069 1929 septem
3107 1814 3399 1901 stadiis

604 1941 712 2022 ab
757 1939 1273 2027 Alexandria
1337 1939 1806 2028 distantem
1843 2003 1873 2048 ‚
1933 1946 2266 2030 remisit
2316 1999 2347 2047 ,
2407 1946 2850 2057 assIgnans
2911 1948 3031 2028 eis
3091 1945 3398 2054 procul

602 2088 653 2144 a
718 2069 1084 2178 strepitu
1146 2064 1509 2152 domum
1569 2065 1886 2154 divinis
1967 2068 2844 2179 contemplationibus
2924 2064 3330 2175 idoneam
3368 2127 3394 2150 .

601 2187 728 2272 Eo
791 2193 889 2274 in
949 2191 1142 2277 loco
1203 2187 1609 2276 omnibus
1682 2198 2179 2278 necessariis
2258 2196 2665 2277 instructi
2730 2198 3224 2279 versionem
3286 2219 3392 2277 ex

600 2312 1026 2400 Hebraica
1074 2320 1170 2400 in
1217 2317 1603 2432 linguam
1670 2314 2095 2404 Graecam
2150 2319 2673 2404 inchoarunt
2735 2375 2768 2421 ‚
2861 2344 3398 2430 quam-cum
3440 2327 3450 2336 '

601 2441 1159 2527 absolvissent
1210 2446 1481 2553 spatio
1535 2459 1804 2525 Lxxn.
1865 2442 2201 2529 dierum
2235 2500 2266 2548 ,
2328 2471 2517 2529 eam
2548 2444 2786 2551 jussu
2837 2442 3265 2528 Demetrii
3297 2448 3394 2528 in

599 2562 1081 2675 praesentia
1139 2564 1696 2653 Sacerdotum
1733 2625 1764 2672 ,
1824 2569 1911 2657 ἃ
1969 2571 2481 2681 Principum
2526 2565 3046 2686 Judaeorum
3091 2572 3395 2669 totius-3

600 2716 773 2798 que
820 2691 1115 2802 populi
1160 2689 1488 2808 Judaici
1556 2751 1585 2796 ,
1647 2718 2018 2803 quorum
2080 2698 2335 2782 multi
2388 2712 2641 2779 erant
2736 2698 2832 2778 in
2917 2693 3327 2811 Aegypto
3356 2754 3391 2802 ,

594 2813 999 2932 legerunt
1057 2874 1079 2898 .
1147 2816 1291 2903 Ab
1368 2819 1776 2902 omnibus
1862 2824 2427 2907 acclamatum
2487 2823 2713 2903 bene
2783 2877 2813 2922 ‚
2874 2818 2962 2907 ἃ
3028 2818 3392 2905 fideliter

596 2944 892 3024 omnia
946 2943 1355 3028 translata
1420 2970 1651 3029 esse:
1718 2964 1989 3059 utque
2043 2965 2225 3030 rata
2287 2950 2384 3030 in
2444 2963 2964 3058 perpetuum
2998 2966 3395 3033 maneret

591 3068 752 3150 ista
798 3072 1080 3152 versio
1115 3125 1145 3171 ,
1207 3072 1721 3178 neminique
1754 3070 2072 3185 aliquid
2108 3076 2202 3156 in
2246 3099 2347 3157 ea
2378 3087 2715 3156 mutare
2750 3073 3049 3157 liceret
3111 3126 3147 3173 ‚
3210 3067 3391 3168 dira

593 3193 1045 3301 imprecati
1097 3212 1305 3279 sunt
1360 3194 1458 3278 in
1518 3221 1823 3281 omnes
1889 3257 1920 3304 ,
1981 3201 2133 3311 qui
2190 3202 2658 3312 quicquam
2724 3199 2820 3282 in
2892 3224 2993 3281 ea
3048 3214 3388 3284 mutare

588 3333 1042 3402 tentarent
1107 3376 1130 3399 .
1196 3318 1388 3402 Rex
1438 3346 1649 3405 vero
1711 3380 1742 3428 ,
1803 3352 2009 3435 cum
2064 3330 2363 3410 omnia
2425 3327 2508 3409 ei
2561 3324 2939 3435 perlecta
3033 3341 3324 3407 essent
3354 3383 3389 3431 ,

586 3439 1126 3558 Legislatoris
1181 3445 1694 3555 sapientiam
1752 3446 2215 3533 admit-atus
2251 3509 2281 3554 ‚
2345 3451 2603 3533 libros
2667 3450 3051 3565 religiose
3115 3477 3388 3533 asser-

585 3572 767 3651 vari
820 3568 1065 3675 iussit
1091 3626 1121 3673 ‚
1183 3571 1694 3681 permittens
1740 3569 2080 3689 Judaeis
2111 3574 2660 3685 Principibus
2690 3601 3318 3690 synagogarum
3352 3634 3387 3682 ,

583 3709 686 3776 ut
751 3693 1262 3805 exemplaria
1325 3691 1913 3782 describerent
2001 3700 2091 3779 in
2145 3724 2403 3781 usum
2467 3723 2723 3782 suum
2792 3727 2815 3779 ε
2888 3702 3112 3811 ipsos
3178 3727 3389 3785 vero

584 3834 862 3899 LXXII.
918 3820 1437 3932 Interpretes
1520 3846 1730 3905 cum
1786 3818 2159 3907 donariis
2225 3825 2565 3938 magnis
2631 3826 3024 3935 permisit
3102 3822 3384 3909 redire

582 3944 678 4025 in
738 3948 1166 4056 patriam;
1231 3944 1485 4028 simul
1558 3942 1884 4031 dimisit
1946 3947 2256 4032 liberos
2314 3965 2678 4032 centum
2743 3953 3061 4065 viginti
3141 3951 3382 4036 mille

575 4065 937 4184 Judaeos
995 4073 1379 4182 captivos
1410 4129 1440 4174 ‚
1503 4096 1878 4181 quorum
1921 4078 2301 4183 pretium
2325 4068 2950 4186 redemptionis
2983 4079 3166 4188 ipse
3193 4105 3386 4188 per·

581 4194 837 4280 solvit
868 4252 892 4277 .
956 4193 1195 4278 Tum
1249 4196 1677 4306 exe‘mplar
1736 4197 2263 4283 Hebraicum
2335 4255 2369 4301 ,
2429 4214 2623 4279 tum
2695 4201 2967 4312 ipsam
3029 4198 3384 4285 Versio-

577 4345 798 4403 nem
850 4321 948 4400 in
1012 4320 1627 4404 Bibliothecam
1666 4322 2114 4408 collocavit
2164 4323 2664 4406 Demetrius
2702 4380 2767 4428 9,
2803 4383 2826 4406 .
2892 4325 3131 4411 Haec
3166 4352 3381 4411 vero

578 4470 688 4529 ex
745 4443 1106 4529 Philone
1161 4449 1703 4557 potissimum
1795 4443 2305 4559 deprompta
2382 4445 2728 4546 Criticis
2787 4452 3049 4534 etiam
3119 4477 3380 4536 sanae

576 4573 956 4672 mentis,
1020 4597 1119 4656 ac
1184 4574 1997 4682 temperantioribus
2051 4580 2285 4686 paria
2343 4599 2528 4655 non
2602 4594 2813 4661 sunt
2867 4634 2890 4657 .
2955 4578 3380 4689 Quinimo

575 4688 666 4776 δε
728 4696 891 4804 ipsi
940 4693 1361 4782 Ecclesiae
1414 4696 1703 4780 Patres
1738 4754 1769 4802 ‚
1836 4702 2228 4810 quamvis
2282 4724 2468 4781 uno
2516 4725 2664 4783 ore
2692 4699 3136 4785 Versionis
3172 4719 3374 4785 LXX.

576 4813 1082 4928 praedicent
1145 4825 1742 4908 auctoritatem
1780 4879 1810 4926 ‚
1873 4820 2112 4934 quod
2170 4840 2504 4939 spectat
2571 4822 2681 4909 ad
2731 4826 3127 4912 historica
3190 4829 3377 4939 ejus

576 4940 989 5055 adjuncta
1023 5000 1059 5055 ,
1118 4950 1352 5036 inter
1375 4975 1465 5037 se
1498 4945 2094 5034 distrahuntur
2129 5006 2154 5032 .
2215 4949 2646 5064 Coeptam
2670 5007 2707 5060 ,
2733 4951 3378 5161 ώεὸίιιῐειηιὲυε
3437 5001 3440 5004 -

3228 5103 3392 5160 ms·
