4913 6618
9 576 10 583 ⁴
14 119 44 494 —**4-

6 790 13 1015 *ffl—-ss-—w
9 758 16 769 5-

1542 637 1576 689 1
1597 633 1711 714 04

2717 860 2801 967 ᾗ.
2931 854 3145 947 ΧΠ.

2361 1106 2499 1191 De
2572 1106 2979 1192 Ver-sione
3063 1106 3421 1221 Syriaca
3455 1165 3480 1192 .

1521 1244 1801 1441 Inter
1872 1360 2312 1442 versiones
2370 1360 2819 1469 utriusque
2870 1359 3414 1443 ‘Testamenti
3469 1350 3701 1471 apud
3758 1354 4240 1446 orientales
4292 1361 4332 1463 ζ

1515 1479 1905 1597 Syriacae
1965 1487 2282 1594 primas
2342 1478 2675 1567 deferre
2723 1483 3003 1569 solent
3066 1479 3376 1567 eruditi
3410 1538 3442 1586 ,
3503 1511 3876 1594 quorum
3910 1482 4326 1570 nonnulli

1511 1604 1736 1693 hanc
1802 1634 2009 1692 cum
2076 1604 2527 1693 Chaldalca
2589 1636 3040 1723 perperam
3087 1604 3658 1695 confundunt
3689 1675 3710 1698 .
3778 1609 4125 1727 Syriaca
4147 1609 4327 1691 lin-

1510 1759 1675 1847 gua
1724 1737 2110 1846 proxima
2176 1731 2532 1843 quidem
2590 1754 2719 1820 est
2776 1733 3279 1821 Chaldaicae
3312 1792 3343 1837 ,
3407 1737 3584 1818 imo
3643 1736 3729 1822 ἃ
3793 1735 4259 1820 Hebraicae
4293 1787 4327 1837 ,

1508 1860 1757 1968 cujus
1825 1864 1922 1942 in
1983 1864 2317 1975 origine
2365 1880 2742 1973 spectata
2774 1917 2809 1966 ,
2869 1859 3036 1945 fuit
3084 1855 3492 1943 dialectus
3560 1918 3591 1965 ‚
3652 1857 3857 1968 §non
3926 1886 4169 1946 secus
4225 1884 4328 1945 ac

1507 1981 1873 2071 Arabica
1911 2043 1942 2090 ‚
1999 1984 2086 2071 31
2150 1985 2662 2100 Aethiopica
2725 2018 2747 2069 ε
2840 1986 2988 2070 sed
3066 2011 3115 2065 a
3190 1982 3640 2072 Chaldaica
3700 1983 4038 2072 differre
4127 1988 4327 2070 satis

1506 2109 1814 2221 pandit
1869 2112 2464 2227 Hieronymus
2533 2166 2562 2216 ,
2629 2116 2781 2224 qui
2845 2116 2939 2195 in
3010 2107 3220 2195 illud
3294 2112 3675 2198 DanieIIs
3710 2113 3806 2193 ΙΙ.
3869 2143 3955 2200 v.
3999 2140 4086 2219 4.
4146 2113 4323 2196 Re-

1503 2239 2037 2349 sponderunt
2090 2240 2503 2323 Chaldaei
2559 2241 2787 2356 Regi
2840 2240 3188 2353 SJtJriace
3253 2294 3284 2339 ,
3345 2240 3462 2320 ita
3523 2239 3873 2324 scribit:
3945 2238 4087 2322 Ab
4153 2237 4319 2326 hoc

1502 2362 1692 2448 loco
1745 2391 2020 2477 usque
2073 2364 2179 2448 ad
2242 2370 2670 2454 visionem
2726 2369 2942 2447 anni
2972 2366 3205 2449 tertii
3240 2361 3499 2478 Regis
3532 2363 3997 2469 Baltassar‚
4052 2391 4317 2476 quam

1503 2487 1816 2574 Daniel
1877 2489 2094 2577 vidit
2158 2496 2249 2578 in
2312 2491 2541 2577 Susis
2576 2549 2603 2592 ‚
2667 2490 3106 2575 Hebraicis
3143 2486 3494 2600 quidem
3539 2491 3840 2574 litteris
3877 2548 3907 2594 ‚
3968 2488 4117 2573 sed
4151 2490 4317 2573 lin-

1495 2641 1664 2728 gua
1727 2617 2222 2702 scribuntur
2286 2616 2734 2707 Chaldaica
2766 2674 2797 2719 ,
2889 2645 3151 2729 quam
3215 2632 3463 2702 vocat
3510 2614 3648 2699 hic
3703 2617 4149 2730 Syriacam
4176 2672 4251 2719 ⁴„
4287 2672 4311 2697 .

1497 2736 1737 2825 Idem
1794 2761 1924 2827 est
1986 2750 2390 2830 evincere
2447 2774 2554 2828 ex
2618 2739 2704 2824 S.
2734 2742 3039 2826 Basilio
3098 2800 3127 2846 ,
3225 2747 3375 2853 qui
3440 2745 3532 2822 in
3602 2741 4087 2825 Hexamero
4166 2741 4313 2825 ho-

1498 2869 1682 2949 mil.
1722 2888 1814 2952 11.
1878 2864 2085 2953 illud
2137 2868 2455 2955 Genes.
2488 2891 2546 2952 1.
2600 2898 2679 2954 v.
2720 2896 2803 2950 2.
2862 2871 3237 2983 Spiritus
3286 2867 3645 2950 Domini
3658 2868 4112 2967 ferebatur
4160 2895 4305 2951 su-

1472 3021 1649 3102 Ρη·
1711 3023 2048 3108 aquas:
2118 3004 2410 3082 asserit
2473 2999 2567 3077 in
2642 2992 2984 3107 Syriaca
3046 2994 3472 3078 Versione
3528 2996 3647 3076 sic
3707 2993 3872 3108 legi
3941 3023 3965 3074 ε
4032 2993 4308 3105 Spiri-

1490 3134 1637 3200 tus
1674 3120 2030 3204 Domini
2062 3123 2428 3221 fovebat
2483 3149 2763 3234 aquas
2797 3153 2826 3223 ς
2891 3149 3097 3205 cum
3124 3137 3418 3203 tamen
3459 3120 3750 3203 habeat
3786 3116 4232 3202 Chaldaica
4267 3148 4290 3200 ε

1487 3242 1867 3355 Spiritus
1921 3248 2275 3330 Domini
2329 3250 2697 3355 inflabat
2760 3276 3036 3358 aquas
3074 3255 3125 3330 .“
3163 3246 3503 3360 Lingua
3556 3249 3845 3355 itaque
3910 3242 4243 3362 Syriaca
4270 3301 4302 3347 ,

1488 3375 1847 3455 nonnisi
1918 3372 2197 3457 latiori
2256 3372 2625 3488 quadam
2683 3372 3362 3490 significatione,
3426 3402 3586 3483 pro
3636 3369 4052 3455 Chaldaea
4101 3373 4305 3455 acci·-

1483 3498 1576 3605 pi
1637 3515 1922 3607 potest
1955 3555 1977 3578 .
2044 3498 2275 3585 Nam
2333 3507 2401 3585 si
2447 3503 2793 3612 proprie
2840 3497 3123 3583 dicere
3158 3499 3576 3602 velimus,
3638 3494 4297 3613 distinguuntur

1481 3620 2103 3708 characteribus
2138 3683 2169 3728 ,
2193 3630 2650 3712 verborum
2685 3626 3432 3742 conjugationibus
3462 3683 3490 3726 ‚
3555 3623 4000 3707 idiotismis
4023 3681 4052 3727 ,
4085 3624 4297 3707 aliis-

1484 3774 1658 3856 que
1714 3754 2217 3835 nominibus
2251 3813 2280 3859 ‚
2344 3758 2475 3837 uti
2534 3752 2786 3836 docet
2843 3749 3128 3836 Guido
3178 3752 3606 3834 FabrIcius
3672 3746 4199 3835 Boderianus
4260 3806 4293 3853 ‚

1475 3870 1871 3960 Andreas
1922 3876 2247 3963 Masius
2311 3884 2370 3984 ‚'
2433 3879 2519 3965 8<
2600 3878 3165 3988 Buxtorphius
3227 3881 3319 3958 in
3394 3872 3971 3961 Grammatica
4046 3875 4295 3960 Chal-

1475 3994 1716 4083 daica
1747 4059 1778 4103 ,
1837 4000 1926 4086 <Sc
1993 4003 2334 4116 Syriaca
2372 4064 2392 4085 .
2458 4004 2752 4088 Varias
2807 4003 3100 4117 lingua
3146 4002 3352 4086 haec
3413 4008 3704 4086 sortita
3738 4019 3866 4085 est
3918 4028 4289 4087 nomen-

1474 4123 1892 4228 elaturas;
1957 4124 2273 4215 dicitur
2337 4135 2581 4215 enim
2635 4129 3416 4241 Hierosolymitana
3470 4157 3517 4211 a
3574 4131 3922 4215 civitate
3975 4130 4289 4212 Hieru-

1472 4250 1731 4355 salem
1762 4312 1793 4356 ,
1829 4252 2325 4371 Comagena
2363 4316 2391 4359 ‚
2454 4256 2541 4342 ἃ
2573 4256 3180 4363 Anthiochena
3210 4315 3238 4358 ‚
3300 4251 3988 4367 proptereaquod
4046 4253 4289 4343 illinc

1468 4378 1561 4459 in
1635 4378 1828 4463 alias
1895 4379 2192 4493 Syriae
2258 4400 2540 4494 partes
2612 4406 2810 4467 usus
2861 4382 3044 4489 ejus
3103 4381 3369 4463 fuerit
3432 4397 3938 4497 propagatus
4010 4436 4034 4463 .
4102 4378 4283 4493 Ap·

1466 4504 1776 4615 pellata
1839 4506 2140 4593 itidem
2201 4527 2329 4591 est
2395 4508 2914 4596 Maronitica
2955 4566 2981 4610 ‚
3040 4537 3087 4589 a
3154 4506 3615 4590 Maronitis
3650 4505 4154 4622 degentibus
4172 4509 4285 4625 ‘in

1465 4634 1701 4745 pagis
1769 4639 2094 4717 montis
2152 4633 2525 4739 Libani,
2583 4634 2670 4720 ἃ
2715 4640 2811 4716 in
2883 4629 3216 4742 oppidis
3274 4632 3565 4739 Syriae
3601 4691 3632 4737 ,
3696 4660 4070 4745 quorum
4130 4638 4275 4715 in-

1467 4756 1704 4839 colae
1763 4784 1992 4843 sacra
2061 4785 2455 4869 quaeque
2522 4817 2551 4863 ‚
2613 4758 2698 4843 ἅ
2747 4757 3136 4873 liturgica
3232 4757 3531 4842 eadem
3587 4758 3743 4843 hac
3806 4760 4102 4874 lingua
4149 4760 4283 4842 ab-

1465 4885 1816 4967 solvunt
1852 4941 1873 4961 .
1938 4879 2607 4968 Advertendum
2673 4883 2861 4969 heic
2920 4903 3048 4967 est
3130 4884 3512 4998 linguam
3569 4884 3875 4998 Syram
3936 4879 4274 4968 hodier-

1461 5039 1674 5097 nam
1711 5068 1739 5113 ,
1804 5014 2152 5121 proprio
2207 5010 2690 5095 charactere
2754 5013 3069 5113 scribi,
3139 5010 3560 5131 quialius
3621 5030 3750 5095 est
3805 5027 4000 5098 tum
4042 5037 4092 5093 a
4138 5009 4279 5094 lit-

1460 5142 1665 5221 teris
1729 5136 2172 5223 Hebraicis
2239 5196 2273 5245 ,
2361 5156 2553 5222 tum
2642 5139 2903 5222 etiam
2993 5165 3040 5219 a
3134 5136 3750 5242 Samaritanisg,
3815 5154 4271 5251 postquam

2387 5290 2393 5297 ·
4009 5286 4256 5348 emm
