4913 6618
1469 557 1591 739 :g
1602 535 2073 767 4’rumpi-obi,
2131 643 2835 766 immortalesque
2885 648 3210 742 labores
3270 648 3805 769 Hieronymi
3830 710 3861 762 ,
3892 656 4287 752 maximo

1469 781 1891 867 Ecclesiae
1943 783 2179 866 bono
2245 779 2665 872 divinitus
2720 780 2952 886 dati,
3014 780 3227 884 dum
3282 786 3557 869 vitam
3621 803 3912 899 ageret
3947 787 4288 888 ,omni-
4315 887 4319 892 ἱ

1469 906 1632 991 bus
1687 933 1791 990 ex
1843 931 2186 1014 aequo,
2219 933 2269 993 e
2322 913 2652 1025 gremio
2710 936 3058 1022 quoque
3124 908 3771 996 Catholicorum
3829 967 3861 1015 ‚
3920 907 4293 1004 filerunt

1467 1033 1852 1142 probati.
1917 1031 2296 1151 Magnus
2354 1035 2446 1118 P.
2483 1031 3024 1153 Augustinus
3081 1050 3333 1118 tanto
3382 1036 3571 1120 viro
3628 1031 4283 1123 necessitudine

1467 1154 1557 1242 δι
1608 1157 2017 1244 charitate
2082 1157 2545 1245 devinctus
2585 1219 2613 1265 ‚
2677 1163 2985 1278 gratias
3051 1163 3135 1245 ei
3201 1161 3377 1275 egit
3433 1216 3464 1264 ‚
3527 1154 3763 1271 quod
3810 1160 4283 1308 ‘Evangelia

1468 1306 1577 1367 ex
1638 1278 1974 1374 Graeco
2033 1301 2255 1369 esset
2318 1289 2937 1398 interpretatus
2964 1345 2996 1391 ‚
3058 1312 3436 1396 eumque
3486 1287 3743 1371 simul
3808 1288 3905 1370 in
3974 1282 4278 1374 eadem

1471 1410 1828 1520 epistola
1860 1470 1890 1515 ,
1956 1436 2203 1496 nunc
2259 1428 2497 1493 Lxxl.
2556 1429 2998 1530 rogaverat
3045 1469 3080 1516 ‚
3153 1409 3202 1524 (
3258 1407 3497 1523 quod
3569 1413 3770 1496 alibi
3831 1407 4276 1498 adnotavi-

1469 1559 1667 1621 mus
1717 1535 1768 1646 )
1834 1551 1932 1620 ut
1996 1540 2492 1621 versionem
2518 1535 3075 1655 Septuaginta
3096 1537 3457 1626 viralem
3506 1539 3914 1638 scriberet
3943 1536 4208 1623 latine
4241 1561 4312 1621 :1

1467 1660 1954 1747 Plurimum
1986 1713 2020 1764 ,
2081 1662 2495 1747 scribebat
2532 1719 2563 1766 ‚
2623 1663 3084 1776 profeceris
3111 1720 3143 1767 ,
3202 1666 3277 1747 si
3334 1689 3527 1748 eam
3588 1659 4005 1749 Graecam
4049 1660 4310 1748 Scri-'

1466 1804 1817 1900 pturam
1844 1845 1876 1890 ‚
1939 1813 2206 1898 quam
2269 1786 2833 1906 Septuaginta
2886 1792 3216 1901 operati
3265 1805 3479 1872 sunt
3511 1846 3546 1893 ‚
3605 1786 3975 1874 Latinae
4057 1788 4277 1874 veri·-

1466 1915 1628 1999 tati
1673 1907 2197 1998 reddideris:
2264 1939 2485 2025 quae
2550 1917 2644 1999 in
2694 1913 3045 2002 diversis
3106 1908 3585 2003 codicibus
3644 1917 3766 1999 ita
3828 1913 4067 2002 varia
4095 1928 4226 2002 est
4238 1965 4277 2017 ‚

1469 2056 1571 2123 ut
1623 2039 1967 2124 tolerari
2029 2043 2175 2128 vix
2227 2043 2494 2154 possit
2558 2094 2592 2145 ,
2684 2039 2774 2128 ἃ
2835 2044 2956 2126 ita
3019 2058 3407 2157 suspecta
3468 2096 3506 2145 ,
3596 2065 3716 2126 ne
3775 2041 3874 2124 in
3936 2033 4274 2126 Graeco
4307 2027 4327 2045 '

1464 2161 1698 2249 aliud
1758 2166 2321 2251 inveniatur·
2292 2230 2322 2270 ‚
2386 2183 2489 2252 ut
2542 2160 2753 2250 inde
2807 2164 3131 2280 aliquid
3180 2164 3546 2281 proferri
3603 2221 3635 2268 ‚
3726 2183 3876 2252 aut
3925 2151 4270 2277 probari

1463 2285 1906 2376 dubitetur
1939 2344 2063 2395 „.
2129 2290 2418 2378 Nihilo
2443 2308 2751 2378 tamen
2782 2296 3077 2379 minus
3108 2292 3894 2437 Hieronymianam
3918 2346 3950 2392 ‚
3983 2313 4273 2412 quamf

1460 2420 1596 2504 vis
1662 2420 2132 2529 expetitam
2187 2421 2757 2526 versionem,
2821 2421 2918 2507 in
3006 2418 3402 2506 Dioecesi
3476 2416 3665 2527 ejus
3749 2413 4091 2529 publice
4145 2412 4269 2500 le·

1460 2544 1749 2630 ctitari
1774 2598 1808 2648 ‚
1866 2547 2163 2630 minus
2210 2544 2606 2658 probavit
2631 2599 2665 2650 ,
2723 2541 3394 2659 prudentissime
3455 2547 3783 2632 veritus
3851 2599 3884 2646 ‚
3948 2565 4068 2625 ne
4117 2566 4268 2628 au·

1457 2670 1808 2755 ctoritas
1866 2667 2428 2787 Septuaginta
2493 2669 2777 2757 viralis
2830 2671 3472 2785 posthaberetur
3497 2725 3531 2776 ,
3590 2655 4262 2779 scandalumque

1455 2793 1698 2907 plebs
1759 2792 2199 2880 catholica
2261 2791 2547 2882 eidem
2607 2794 2878 2882 latine
2924 2794 3303 2884 redditae
3353 2813 3684 2882 assueta
3745 2808 4187 2909 pateretur
4228 2847 4267 2899 ‚

1453 2943 1559 3006 ac
1621 2913 1981 3004 demum
2040 2946 2162 3006 ne
2205 2921 2578 3007 Latinae
2667 2921 3095 3010 Ecclesiae
3146 2952 3200 3009 a
3253 2919 3605 3012 Graecis
3671 2915 3781 3005 de
3827 2913 4263 3005 dissonan-

1451 3047 1574 3132 tia
1628 3062 2190 3130 causarentur
2227 3103 2251 3128 .
2315 3046 2449 3132 En
2522 3045 2960 3160 quomodo
3024 3047 3113 3131 S.
3165 3049 3495 3136 Doctor
3556 3073 3714 3160 per
3790 3043 4261 3158 Epistolam

1451 3166 1719 3260 modo
1785 3186 2119 3256 LXXXII.
2186 3172 2835 3287 Hieronymum
2890 3171 3513 3288 alloqueretur.
3579 3172 3699 3256 Hi
3742 3176 3898 3282 qui
3946 3193 4091 3255 me
4120 3169 4261 3254 in·

1449 3294 1748 3384 videre
1805 3316 2126 3410 putant
2178 3297 2527 3383 utilibus
2583 3299 3006 3386 laboribus
3057 3303 3295 3405 tuis,
3356 3298 3847 3417 intelligant
3902 3351 3936 3402 ‚
3997 3321 4259 3443 prop·

1445 3440 1686 3510 terea
1757 3448 1903 3506 me
1967 3424 2204 3510 nolle
2257 3442 2502 3509 tuam
2582 3452 2690 3512 ex
2772 3426 3168 3513 Hebraeo
3246 3427 4064 3539 Interpretationem
4153 3423 4257 3509 in

1445 3548 1840 3638 Ecclesiis
1896 3547 2064 3667 legi
2089 3609 2121 3656 ,
2183 3575 2307 3636 ne
2359 3566 2667 3638 contra
2725 3548 3289 3672 Septuaginta
3342 3552 3942 3638 auctoritatem
3969 3604 3999 3655 ‚
4021 3565 4254 3634 tam·-

1440 3702 1712 3789 quam
1766 3703 2103 3763 novum
2159 3670 2482 3788 aliquid
2535 3674 3037 3794 proferente
3098 3735 3132 3786 ‚
3216 3701 3541 3797 magno
3605 3672 4004 3764 scandalo
4056 3698 4257 3787 per·

1439 3804 1890 3889 turbemus
1948 3801 2238 3917 plebes
2279 3799 2601 3890 Christi
2626 3862 2658 3910 ‚
2690 3831 3060 3917 quarum
3114 3830 3359 3891 aures
3410 3799 3499 3890 ἃ
3530 3798 3786 3891 corda
3846 3800 4140 3887 illam
4112 3823 4252 3885 m-

1436 3932 2004 4043 terpretation
2014 3954 2157 4013 em
2218 3922 2516 4011 audire
2568 3947 3223 4019 consueverunt
3253 3988 3288 4039 ‚
3340 3955 3574 4044 quae
3606 3932 3867 4015 etiam
3889 3928 3995 4012 ab
4027 3921 4253 4040 Apo·

1435 4055 1677 4142 stolis
1742 4053 2206 4168 approbata
2258 4066 2389 4136 est
2412 4105 2478 4156 ‚‚
2541 4115 2567 4140 .
2628 4052 2738 4141 Et
2778 4055 3153 4171 Epistola
3204 4053 3470 4144 modo
3520 4073 3760 4142 Lxxt.
3826 4049 3936 4138 ad
4015 4077 4248 4138 eun-

1434 4176 1644 4266 dem
1699 4233 1734 4286 ,
1795 4204 2075 4293 quum
2151 4173 2561 4266 nondum
2644 4182 3306 4269 translationem
3355 4199 3564 4268 Lxx.
3646 4194 4061 4268 exarasset
4120 4179 4248 4266 sic

1434 4306 1827 4419 scripsit:
1895 4303 2075 4424 Ego
2126 4330 2339 4391 sane
2389 4320 2483 4389 te
2535 4307 2886 4394 mallem
2949 4304 3322 4397 Graecas
3408 4312 3695 4422 potius
3734 4305 4245 4394 'canonicas

1433 4434 1688 4521 nobis
1775 4434 2330 4546 interpretari
2408 4430 2895 4547 Scripturas
2953 4490 2989 4541 ‚
3082 4461 3303 4546 quae
3356 4449 3564 4520 Lxx.
3651 4434 4246 4547 Interpretum

1430 4557 2054 4675 perhibentur.
2119 4553 2607 4644 Perdurum
2670 4563 2917 4644 enim
2977 4564 3145 4646 erit
3207 4620 3239 4668 ‚
3301 4563 3375 4645 si
3419 4579 3574 4647 tua
3636 4555 4247 4674 Interpretatio

1427 4710 1588 4798 per
1643 4683 1954 4769 multas
2001 4682 2415 4771 Ecclesias
2468 4679 3014 4796 frequentius
3059 4688 3445 4799 coeperit
3506 4687 3873 4772 lectitari
3902 4743 3935 4790 ‚
4000 4668 4242 4796 quod

1420 4835 1479 4894 a
1534 4803 1885 4895 Graecis
1922 4807 2319 4925 Ecplesiis
2350 4807 2723 4898 Latinae
2744 4805 3310 4900 dissonabunt
3339 4867 3467 4921 ,,.
3530 4811 3951 4903 Ruffinus
3984 4810 4133 4893 lib.
4141 4822 4239 4891 Π.

1424 4931 2066 5032 [twecu‘varum
2097 4990 2136 5048 2
2193 4935 2513 5053 aliique
2566 4937 2989 5031 similibus
3051 4939 3600 5054 rationibus,
3660 4964 3764 5034 ac
3826 4935 4240 5059 Augusti-
