4913 6618
596 652 959 746 scopum
1019 653 1211 744 cap.
1268 628 1576 716 ultimo
1638 684 1671 734 ‚
1731 641 2249 715 memoratos
2304 622 2559 708 libros
2601 619 3060 732 Scripturis
3128 615 3408 705 Sacris

598 760 1044 844 accensuit
1080 815 1102 838 .
1170 752 1411 840 Idem
1440 755 1948 841 solemnitus
2005 753 2427 863 praestitit
2482 744 2965 832 S.Gelasius
2997 745 3064 830 Ι.
3124 743 3342 831 Afer
3368 803 3403 852 ,

602 886 759 994 qui
824 898 1194 967 exeunte
1240 879 1423 964 fere
1503 880 1838 965 saeculo
1924 880 2240 988 quinto
2295 935 2324 982 ,
2385 890 2725 988 praeter
2786 873 2945 955 alia
2999 876 3145 983 pie
3201 929 3234 976 ,
3289 888 3400 958 'ac

599 1006 1147 1093 saluberrime
1228 1024 1460 1122 gesta
1517 1064 1546 1109 ,
1608 1023 1904 1090 coacta
1967 1006 2507 1118 septuaginta
2557 1000 3176 1110 Episcoporum
3229 994 3399 1109 Sy-

600 1129 840 1219 nodo
874 1195 900 1230 ,
962 1132 1194 1215 libris
1257 1131 1733 1215 Canonicis
1790 1131 1897 1214 ab
1943 1126 2508 1242 apochryphis
2540 1126 2887 1210 secretis
2917 1182 2945 1221 ,
2976 1147 3405 1235 quosnam

478 1344 484 1351 .
599 1276 900 1344 sancta
932 1316 965 1364 ,
1022 1256 1111 1345 ἃ
1171 1255 1577 1343 catholica
1632 1254 2036 1339 Romana
2097 1254 2467 1341 Ecclesia
2514 1253 2768 1334 libros
2833 1276 3111 1339 sacros
3142 1250 3402 1333 susci-

602 1399 851 1494 peret
911 1441 941 1489 ‚
1004 1380 1461 1468 declaravit
1509 1439 1538 1484 ‚
1601 1377 2152 1490 decrevitque
2194 1437 2215 1461 .
2282 1378 2982 1465 Oecumenicum
3068 1393 3406 1461 sextum

602 1507 1108 1594 Concilium
1142 1564 1173 1610 ‚
1234 1524 1694 1590 annuente
1757 1505 2165 1589 Romano
2230 1503 2657 1589 pontifice
2722 1501 2807 1586 S.
2853 1497 3312 1619 Agathone
3371 1561 3403 1609 ‚

605 1663 656 1719 a
724 1637 1111 1746 piissimo
1164 1633 1679 1743 Imperatore
1743 1631 2333 1715 Constantino
2385 1629 2829 1746 Pogonato
2883 1654 3122 1712 anno
3182 1629 3400 1714 680.
3513 1636 3538 1665 ⁸

609 1761 707 1843 in
758 1757 1725 1868 Constantinopolitano
1776 1756 2079 1840 Trullo
2135 1770 2756 1872 congregatum
2820 1751 3406 1866 (Trtzllanum

614 1882 984 1996 proinde
1032 1912 1080 1963 a
1133 1883 1570 1964 trulissatis
1623 1878 1968 1966 aedibus
2038 1881 2369 1967 dictum
2405 1877 2453 1992 )
2491 1906 2698 1965 cum
2746 1879 3407 1996 Carthaginensi

611 2007 1015 2093 Concilio
1063 2006 1317 2119 libros
1376 2033 1682 2091 omnes
1758 2009 1865 2091 ab
1938 2008 2098 2092 illis
2157 2007 2544 2091 Patribus
2608 2004 2957 2090 Canoni
3049 2003 3410 2091 adscitos

605 2134 1110 2245 approbavit
1143 2189 1173 2235 ,
1230 2130 1320 2218 ἃ
1393 2132 1940 2218 confirmavit
1974 2189 1996 2214 .
2062 2133 2251 2217 Nec
2295 2157 2649 2218 movere
2701 2157 2864 2216 nos
2927 2127 3185 2216 debet
3217 2190 3249 2234 ‚
3309 2151 3411 2218 ut

604 2256 876 2367 lib.11.
951 2254 1059 2341 de
1124 2258 1336 2340 Loc.
1403 2256 1704 2342 Theol.
1756 2272 1963 2371 cap.
2003 2277 2120 2344 lx.
2178 2260 2473 2370 inquit
2503 2254 2798 2341 Canus
2833 2254 3408 2367 ,'quodTru.l-·

605 2384 810 2469 lana
872 2384 1011 2466 illa
1066 2377 1468 2495 Synodus
1548 2384 2019 2472 concilium
2098 2382 2773 2498 Carthaginense
2846 2385 3238 2494 probasse
3295 2385 3411 2468 le-

608 2511 842 2626 gitur
879 2565 907 2610 ,
971 2534 1154 2591 non
1229 2506 1631 2597 Concilia,
1658 2566 1679 2588 .
1745 2510 2187 2620 Quoniam
2250 2504 2481 2622 apud
2535 2504 2904 2593 Graecos
2967 2502 3416 2625 Carthagi.

609 2659 895 2718 nense
924 2635 1289 2717 unicum
1320 2650 1451 2717 est
1480 2692 1509 2737 ‚
1574 2630 1807 2744 quod
1834 2632 2264 2720 Graecum
2286 2652 2647 2722 vocatur
2671 2690 2702 2737 ,
2765 2637 2861 2716 in
2891 2634 3135 2744 cujus
3158 2652 3410 2724 XXIV.

608 2784 801 2870 cap.
869 2759 1081 2844 haec
1148 2757 1504 2842 habetur
1550 2785 1986 2844 sacrorum
2039 2761 2452 2849 librorum
2507 2764 3114 2846 annumeratio
3141 2819 3164 2841 .
3230 2760 3411 2844 Ta-

609 2887 866 2968 metsi
929 2901 1212 2994 patres
1270 2883 1734 2967 Trullanae
1807 2883 2145 2999 Synodi
2231 2914 2422 2970 non
2488 2884 2995 2970 Concilium
3058 2885 3417 2972 Cartha·

612 3011 983 3124 ginense
1046 3011 1420 3121 probent
1467 3035 1837 3095 numero
1892 3011 2303 3128 singulari
2358 3067 2391 3113 ,
2452 3029 2555 3092 ut
2648 3005 3110 3095 Gratianus
3175 3037 3417 3097 acce-

611 3137 748 3246 pit
784 3191 817 3239 ,
881 3130 1028 3216 sed
1076 3161 1457 3219 canones
1517 3133 1786 3220 editos
1831 3140 1927 3220 in
1998 3164 2227 3227 nova
2292 3134 2813 3253 Carthagine
2845 3194 2909 3241 „
2948 3193 2970 3216 .
3035 3132 3410 3224 Accedit

609 3259 1316 3347 Oecumenicum
1411 3263 2022 3354 Florentinum
2114 3262 2614 3351 Concilium
2687 3321 2718 3369 ,
2819 3265 2964 3349 cui
3045 3260 3417 3375 praefixit

611 3414 1006 3472 summus
1066 3385 1469 3471 Pontifex
1529 3389 1965 3504 Eugenius
2020 3385 2481 3490 IV.‚anno
2557 3416 2827 3505 1439.
2863 3447 2895 3494 9
2927 3413 3023 3474 ac
3075 3407 3415 3502 postre-

614 3540 867 3599 mum
903 3569 934 3616 ,
997 3514 1401 3596 omnium
1459 3513 1997 3628 generalium
2052 3540 2373 3601 corona
2408 3574 2439 3619 ‚
2501 3512 3126 3598 Tridenfinum
3160 3574 3193 3621 ,
3255 3518 3418 3603 sub

613 3635 883 3720 Paulo
927 3635 1068 3718 111.
1141 3639 1548 3720 Farnesio
1612 3635 2117 3723 inchoatum
2145 3696 2176 3743 ,
2239 3642 2343 3723 ab
2367 3638 2592 3754 Julio
2622 3639 2757 3720 111.
2797 3642 3416 3749 instauratum,

612 3779 875 3875 atque
939 3763 1094 3844 sub
1148 3762 1305 3846 Pio
1358 3761 1502 3847 lV.
1561 3758 1942 3850 Medicei
2000 3767 2339 3879 generis
2370 3759 3048 3848 Mediolanensis
3093 3764 3417 3850 absolu-

612 3903 814 3974 tum
851 3945 882 3991 ‚
942 3904 1204 3998 atque
1262 3888 1874 3974 confirmatum
1907 3944 1934 3969 .
1996 3886 2100 3971 In
2166 3889 2435 3975 hocce
2468 3916 2724 4002 porro
2756 3887 3151 3973 Sessione
3182 3920 3418 4003 quar·-

613 4030 706 4099 ta
761 4011 1218 4097 anathema
1240 4011 1557 4098 dicitur
1601 4012 1949 4098 cuilibet
1980 4018 2356 4100 scienter
2386 4018 3002 4101 contemnenti
3048 4013 3423 4128 aliquem

619 4165 728 4223 ex
795 4140 1241 4222 recensitis
1292 4142 1391 4222 in
1462 4134 1813 4225 decreto
1899 4137 2084 4246 ejus
2170 4141 2401 4234 libris
2466 4200 2490 4223 .
2582 4139 3136 4227 Sacrosancta
3212 4144 3423 4242 haec

614 4259 1027 4379 Synodus
1093 4268 1438 4348 cunctis
1503 4261 1884 4348 fidelibus
1945 4264 2336 4375 injunxit
2397 4265 2652 4348 libros
2710 4266 2893 4348 illos
2954 4293 3161 4353 cum
3229 4296 3423 4354 om·

618 4391 880 4473 nibus
948 4388 1115 4473 suis
1180 4390 1558 4500 partibus
1610 4448 1642 4493 ‚
1708 4386 1759 4500 (
1807 4408 2065 4500 prout
2138 4395 2229 4474 in
2312 4388 2686 4477 Ecclesia
2751 4390 3184 4477 Catholica
3260 4394 3427 4510 legi

618 4533 1270 4602 consueverunt
1311 4575 1339 4618 ,
1402 4513 1488 4600 ἃ
1552 4519 1650 4597 in
1718 4522 1995 4600 veteri
2057 4516 2424 4632 Vulgata
2488 4519 2752 4601 latina
2817 4516 3198 4605 editione
3244 4516 3247 4519 ’
3292 4520 3432 4605 ha·

619 4640 944 4725 bentur
1007 4636 1057 4750 )
1120 4636 1882 4725 indiscriminatim
1940 4668 2105 4727 ceu
2168 4670 2445 4729 sacros
2483 4702 2513 4748 ,
2573 4641 2661 4729 ἃ
2726 4645 3223 4731 Canonicos
3283 4644 3422 4730 ha-

623 4763 827 4849 bere
851 4823 881 4868 ‚
942 4763 1031 4851 ἃ
1085 4791 1613 4878 quamquam
1669 4769 2085 4878 potuisset
2131 4827 2159 4872 ‚
2219 4787 2519 4864 tamen
2582 4768 3031 4881 prudentis
3063 4797 3421 4859 oecono-

628 4892 858 4976 miae
918 4915 1205 4976 caussa
1269 4948 1299 4996 ‚
1363 4893 1644 4975 noluit
1712 4895 1807 4973 in
1892 4888 2236 4978 decreto
2285 4890 2717 5007 duplicem
2772 4896 3427 4983 Canonicorum

621 5013 1041 5106 librorum
1079 5010 1479 5108 ordinem
1510 5043 2193 5111 commemorare
2223 5078 2258 5133 ,
2296 5026 2681 5136 primum
2713 5048 3039 5136 nempe
3070 5049 3372 5227 coruus
3389 5079 3424 5127 ,

3375 5172 3425 5232 e
