4913 6618
1491 584 1526 637 1
1614 549 1667 637 6

1482 585 1709 792 ogas
1803 697 2146 761 suum.
2217 663 2580 759 Monuit
2662 666 3259 786 Hieronymus
3335 665 3838 758 Hebraeum
3914 667 4309 766 Textum

1485 806 1737 889 aliter
1805 829 1897 886 se
1955 800 2263 884 habere
2300 853 2330 905 ,
2391 800 2714 885 scilicet
2740 857 2769 896 ‚

1723 977 2292 1170 iopam
2367 975 2829 1175 warin
2885 995 3178 1142 ov?
3256 932 3709 1173 ovi-3⁸75
3756 932 4061 1169 ⁸7:231

1485 1189 2144 1306 Complevitque
2197 1196 2434 1277 Deus
2493 1195 2633 1274 clie
2685 1209 3047 1301 septnno
3131 1217 3352 1299 opus
3422 1220 3741 1276 sunm:
3809 1216 3896 1278 ὡ.
3927 1229 3977 1274 ι
3985 1216 4132 1275 aec
4166 1190 4284 1276 le·
4319 1207 4327 1219 '

1484 1320 1665 1402 ctio
1728 1316 1893 1400 fuit
1951 1316 2404 1400 substituta
2471 1369 2497 1397 .
2573 1316 2695 1398 Ex
2756 1311 3351 1396 Theodotione
3419 1335 3669 1399 aucta
3732 1337 3861 1405 est
3923 1318 4288 1431 Vulgata

1482 1437 2086 1525 additamentis
2144 1437 2252 1520 ad
2314 1441 2570 1524 libros
2634 1437 3005 1522 Estheris
3041 1497 3072 1540 ‚
3132 1437 3217 1522 ἃ
3252 1438 3635 1522 Danielis
3673 1474 3695 1522 z
3767 1442 4035 1555 Saepe
4071 1501 4099 1542 ‚
4132 1443 4284 1525 ubi

1483 1565 1589 1648 ab
1637 1565 2032 1648 Hebraeo
2094 1559 2522 1677 discrepat
2564 1624 2592 1667 ,
2655 1589 2837 1646 non
2898 1566 3187 1675 paucis
3258 1561 3792 1649 eruditorum
3856 1569 4293 1659 assertori-2

1479 1690 1640 1773 bus
1673 1747 1704 1793 ,
1765 1694 2192 1774 convenit
2244 1718 2449 1773 cum
2508 1688 3064 1801 Septuaginta
3128 1687 3371 1774 virali
3404 1746 3435 1789 ‚
3468 1692 3744 1774 immo
3790 1696 4045 1775 etiam
4073 1716 4281 1774 cum

1481 1813 2067 1925 Symmacho,
2122 1811 2208 1900 81
2275 1813 2593 1925 Aquila
2629 1873 2651 1897 .
2710 1810 2942 1927 Quid
2998 1811 3106 1897 de
3168 1811 3279 1895 N.
3315 1811 3425 1894 T.
3492 1815 3757 1899 latina
3822 1815 4282 1902 versione?

1481 1940 1875 2050 Quatuor
1936 1939 2393 2054 Evangelia
2456 1969 2506 2021 a
2551 1938 2635 2021 S.
2674 1940 3223 2051 Hieronymo
3276 1934 3536 2022 fuisse
3601 1938 4058 2025 emendata
4123 1967 4283 2042 nuf-

1487 2090 1647 2176 per
1695 2061 2216 2149 advertimus
2254 2122 2282 2167 ‚
2338 2064 2829 2175 fateturque
2894 2068 3259 2176 ipsemet
3334 2066 3430 2146 in
3520 2064 3902 2167 Praaefat.
3982 2066 4081 2149 P.
4136 2063 4274 2148 Μ.

1481 2193 1951 2275 Damasum
2007 2193 2121 2272 ita
2203 2190 2646 2302 alloquens
2706 2223 2727 2271 ε
2793 2190 3029 2276 Haec
3116 2215 3521 2302 praesens
3594 2188 4280 2274 praefatiuncula

1481 2316 1942 2428 pollicetur
1996 2334 2363 2424 quatuor
2420 2334 2771 2401 tantum
2836 2315 3297 2431 Evangelia
3332 2371 3364 2417 ‚
3397 2341 3768 2425 quorum
3832 2313 4047 2400 ordo
4140 2331 4274 2403 est

1484 2444 1647 2524 iste
1710 2441 2197 2526 Matthaeus
2267 2501 2295 2544 ,
2349 2443 2703 2526 Marcus
2757 2498 2789 2544 ‚
2849 2440 3126 2526 Lucas
3196 2498 3224 2543 ‚
3270 2440 3702 2556 Johannes
3759 2499 3787 2542 ,
3846 2437 4276 2526 Codicum

1481 2562 2015 2652 Graecorum
2070 2565 2527 2650 emendata
2584 2566 3041 2651 collatione
3077 2624 3105 2669 ‚
3170 2564 3321 2649 sed
3358 2563 3781 2650 Veterum
3818 2596 3843 2648 ε
3899 2594 4119 2676 quae
4155 2592 4277 2651 ne

1477 2692 1859 2777 multum
1932 2691 2324 2777 lectionis
2415 2694 2782 2777 Latinae
2868 2687 3504 2777 consuetudine
3596 2687 4273 2805 discreparent,

1478 2815 1596 2898 lta
1657 2818 1982 2902 calamo
2028 2822 2699 2928 temperavimus
2732 2879 2759 2915 ‚
2813 2836 2913 2900 ut
2959 2819 3086 2902 his
3139 2834 3490 2901 tantum
3532 2874 3564 2922 ‚
3630 2844 3850 2928 quae
3916 2844 4272 2904 sensum

1477 2937 1997 3026 videbantur
2063 2961 2399 3025 mutare
2458 2999 2490 3047 ‚
2545 2948 2955 3027 correctis
3024 2999 3056 3045 ‚
3119 2942 3444 3051 reliqua
3520 2968 3877 3026 manere
3961 2943 4272 3053 patere·

1475 3092 1674 3150 mur
1712 3124 1740 3169 ‚
1805 3085 1904 3149 ut
1970 3066 2319 3151 fiaerant
2352 3122 2419 3169 „
2454 3125 2478 3146 .
2515 3066 2983 3152 Caeterum
3048 3067 3161 3149 N.
3219 3066 3330 3149 T.
3396 3066 3589 3149 libri
3643 3067 3912 3150 latine
3973 3072 4273 3180 scripti

1475 3195 2172 3302 antiquissimum
2221 3249 2254 3297 ,
2321 3188 2472 3273 sed
2525 3195 2969 3279 incertum
3023 3193 3347 3277 habent
3426 3210 3953 3277 auctorem·
3924 3255 3956 3294 ‚
4052 3195 4271 3276 anti-

1475 3322 1986 3426 quissimum
2055 3343 2263 3401 sane
2330 3348 2360 3419 ;
2426 3314 2733 3403 Fidem
2805 3321 3132 3430 quippe
3194 3342 3553 3402 omnem
3618 3333 3963 3443 superat
4039 3317 4270 3401 Lati-

1471 3467 1682 3525 nam
1728 3442 2195 3526 Ecclesiam
2224 3500 2255 3546 ,
2319 3444 2585 3526 semel
2648 3470 2747 3528 ac
2796 3443 2983 3527 fieri
3043 3446 3387 3554 potuit,
3455 3440 3564 3526 de
3626 3444 3966 3555 propria
3997 3469 4269 3529 sacro-

1471 3594 1673 3649 rum
1737 3567 2146 3651 librorum
2211 3571 2613 3653 versione
2644 3623 2676 3671 ‚
2710 3594 2889 3652 non
2936 3565 3195 3651 fuisse
3257 3564 3704 3653 sollicitam
3762 3597 3788 3647 ε
3884 3592 4077 3650 eam
4127 3594 4269 3652 ve-

1469 3719 1621 3792 ro,
1675 3721 1937 3802 quam
1996 3693 2261 3776 semel
2326 3689 2822 3803 adprobavit
2900 3692 3553 3777 translationem
3603 3748 3635 3796 ,
3724 3717 4069 3803 semper
4121 3716 4265 3777 cu-

1466 3813 1862 3902 stodivit:
1905 3833 2506 3928 praeterquam
2571 3819 2815 3901 enim
2873 3815 3106 3927 quod
3154 3821 3618 3902 memoriae
3682 3813 4015 3926 prodita
4070 3843 4260 3901 non

1466 3961 1599 4025 est
1627 4000 1658 4046 ,
1715 3941 2065 4052 dempta
2129 3941 2821 4058 Hieronymiana
2892 3942 3555 4056 Evangeliorum
3633 3946 4173 4026 correctione
4223 3998 4264 4049 ,

1463 4067 1747 4176 aliqua
1810 4065 2028 4149 illius
2095 4068 2471 4149 mutatio
2500 4122 2531 4168 ,
2596 4067 2702 4148 ab
2767 4069 3384 4176 antiquissimis
3474 4067 4029 4178 scriptoribus
4081 4067 4263 4152 lau-

1465 4187 1662 4274 data
1727 4218 1832 4275 ex
1890 4190 2004 4276 N.
2065 4190 2177 4273 T.
2230 4193 2730 4275 testimonia
2796 4246 2828 4292 ‚
2925 4216 3133 4275 cum
3195 4188 3609 4277 hodierna
3663 4194 4065 4277 versione
4150 4192 4262 4275 li-

1462 4312 1735 4426 quido
1804 4334 2041 4427 patet
2113 4341 2592 4433 congruere
2650 4374 2673 4398 .
2767 4312 3127 4427 Optime
3205 4337 3659 4430 propterea
3713 4314 4259 4401 Oecumeni-

1458 4467 1671 4529 cum
1735 4438 2365 4524 Tridentinum
2422 4440 2929 4524 Concilium
2986 4438 3360 4527 Sess.1v.
3450 4469 3640 4554 cap.
3680 4467 3766 4522 2.
3852 4443 3977 4526 sic
4070 4467 4263 4525 san-

1462 4569 1740 4651 civit:
1816 4565 2372 4650 Sacrosancta
2450 4562 2854 4677 Synodus
2947 4560 3503 4649 considerans
3554 4624 3586 4670 ,
3680 4589 3866 4649 non
3950 4592 4259 4678 parum

1459 4689 1847 4774 utilitatis
1933 4689 2339 4774 accedere
2405 4714 2652 4800 posse
2714 4689 3136 4773 Ecclesiae
3194 4686 3358 4772 Dei
3416 4745 3448 4793 ,
3534 4693 3606 4774 si
3673 4713 3775 4775 ex
3853 4690 4260 4775 omnihus

1457 4812 1803 4896 Latinis
1866 4809 2406 4896 Editionibus
2442 4871 2473 4916 ,
2510 4839 2732 4923 quae
2786 4810 3527 4898 circumferuntur
3612 4814 4050 4899 sacrorum
4096 4813 4256 4896 Li-

1456 4939 1815 5026 brorum
1836 4995 1872 5050 ,
1920 4964 2351 5053 quaenam
2396 4965 2561 5052 pro
2622 4937 3156 5026 Anthentica
3206 4936 3597 5026 habenda
3660 4943 3772 5025 sit
3818 4997 3854 5047 ‚
3907 4943 4260 5023 innote-

3424 5094 3437 5108 ·
4007 5080 4251 5166 παις
