4913 6618
1905 968 1993 1076 §0
2072 965 2143 1049 I.

1786 1217 2174 1333 ’ῐῘροοίιμο-ις
2212 1229 2243 1299 ἑ

627 1344 1036 1579 Quum
1104 1461 1491 1575 primum
1552 1465 1653 1549 in
1717 1459 1954 1550 Urbe
2011 1462 2582 1579 Theologicae
2641 1459 3184 1571 potissimum
3268 1455 3429 1545 Faa·

632 1587 937 1674 cultati
965 1640 1001 1692 ‚
1061 1588 1294 1673 intra
1340 1584 1772 1670 Coenobii
1838 1605 2077 1699 septa
2108 1640 2141 1692 ‚
2198 1592 2345 1671 se'x
2386 1586 2575 1671 fere
2638 1585 2746 1666 ab
2805 1584 3018 1668 hine
3067 1585 3328 1668 annis
3388 1638 3426 1688 ‚

635 1705 937 1811 datum
992 1708 1161 1805 fuit
1221 1735 1607 1823 praeesse
1636 1769 1670 1816 ,
1730 1707 1841 1796 de
1893 1713 2034 1796 illa
2094 1715 2599 1824 praesertim
2653 1704 3123 1794 excolenda
3164 1730 3430 1794 sacra·-

635 1860 881 1923 rum
902 1830 1551 1949 disciplinarum
1604 1853 1851 1949 parte
1904 1828 2490 1953 cogitavimus
2532 1894 2567 1942 ‚
2627 1858 2892 1945 quam
2954 1832 3264 1944 majori
3326 1852 3436 1925 ac

638 1963 782 2047 in
802 1978 1350 2050 antecessum
1411 1977 1733 2048 conatu
1768 2014 1802 2077 2
1860 1959 2253 2049 funditus
2285 1962 2651 2051 evellere
2684 2015 2717 2066 ,
2777 1961 3015 2046 larva
3066 1981 3437 2077 quaqua-2

638 2088 991 2174 versum
1051 2083 1497 2200 deposita,
1556 2082 2067 2173 moliebatur
2127 2088 2556 2174 malorum
2626 2088 3033 2170 omnium
3095 2085 3435 2170 teterri-

638 2236 893 2298 mum
926 2268 959 2319 ‚
1020 2230 1284 2323 atque
1338 2214 2029 2299 exitiosissimum
2074 2215 2537 2325 impietatis
2598 2196 3006 2295 licentia.
3070 2208 3205 2294 De
3259 2207 3436 2295 Re-

638 2335 965 2452 ligione
1021 2355 1478 2449 propterea
1536 2364 1692 2447 per
1753 2364 2093 2423 summa
2153 2337 2424 2423 veluti
2467 2339 2750 2445 capita
2797 2337 3127 2448 egiinus
3158 2388 3194 2439 ,
3225 2358 3437 2446 opu-

643 2462 1153 2571 sculumque
1209 2458 1318 2544 de
1374 2460 1557 2568 ejus
1622 2456 2139 2568 elementis,
2198 2466 2359 2551 sub
2392 2462 2729 2577 magnis
2751 2460 3142 2569 auspiciis
3187 2454 3278 2540 S.
3315 2457 3435 2549 R.

645 2585 744 2669 E.
779 2585 879 2668 P.
916 2583 1024 2668 C.
1053 2584 1467 2700 Johannis
1497 2582 1930 2672 Archinto
1959 2640 1994 2691 ‚
2053 2590 2384 2701 Hyas-dre
2417 2587 2696 2671 nostri
2722 2585 3388 2695 praesentissimi
3411 2638 3446 2693 ,

645 2713 769 2796 sic
833 2709 1340 2819 bipartitum
1396 2705 1716 2822 prodiit
1746 2767 1779 2818 ‚
1840 2726 1944 2795 ut
2005 2715 2275 2798 sectio
2318 2717 2602 2826 prima
2655 2708 3135 2857 Religionis
3200 2708 3440 2792 utili-

645 2850 922 2919 tatem
952 2887 988 2938 ,
1049 2832 1643 2922 Revelationis
1706 2828 2439 2927 necessitudinem
2467 2895 2506 2943 ‚
2532 2839 3024 2921 extantiam
3013 2891 3052 2943 .,
3086 2832 3444 2920 authen-

647 2963 1071 3047 ticitatem
1138 3013 1173 3064 ,
1232 2976 1494 3071 atque
1557 2958 1980 3074 Mysteria
2027 3014 2062 3066 9
2123 2965 2386 3047 altera
2446 2988 2657 3047 vero
2711 2959 3079 3046 Sanctae
3142 2957 3259 3042 R.
3326 2958 3443 3061 A.

645 3083 1074 3173 Ecclesiae
1130 3089 1622 3198 praecipuas
1674 3102 1924 3170 notas
1959 3142 1989 3188 ,
2049 3082 2625 3199 Supremique
2673 3087 2855 3179 eius
2903 3083 3451 3197 Hyerarchae

648 3207 1287 3297 Auctoritatem
1343 3265 1378 3317 ,
1434 3236 1644 3295 cum
1707 3211 2092 3325 pluribus
2160 3208 2650 3297 Catholicae
2708 3207 2954 3294 Fidei
3032 3202 3446 3328 dogmati·

649 3335 810 3422 bus
842 3394 876 3441 ,
939 3336 1661 3450 complecteretur
1698 3393 1723 3418 .
1789 3335 2186 3450 opellam
2240 3337 2467 3425 hanc
2497 3371 2508 3384 ·
2533 3338 2794 3425 altera
2841 3337 3288 3422 subsecuta
3323 3351 3454 3425 est

648 3462 810 3545 sub
868 3461 1187 3546 titulo.-
1254 3463 1402 3546 Ex
1448 3463 1707 3549 Novo
1773 3459 2325 3550 Testamento
2389 3464 2819 3580 Sylleoeisz
2887 3489 3253 3575 eamque
3317 3489 3455 3547 sa-

647 3610 892 3672 cram
912 3586 1631 3671 Eminentissimo
1662 3638 1698 3688 ‚
1756 3611 1856 3668 ac
1877 3587 2640 3676 Reverendissimo
2660 3587 2772 3672 D.
2811 3584 3220 3676 Andreae
3253 3585 3454 3674 Car.

649 3706 920 3794 dinali
958 3708 1484 3826 JoannettO,
1546 3735 1815 3822 quem
1874 3709 2109 3793 Deus
2173 3713 2289 3794 O.
2348 3714 2483 3796 M.
2546 3711 2698 3795 diu
2761 3713 3267 3798 incolumen
3318 3738 3459 3801 ve-

649 3836 757 3921 lit
787 3891 823 3941 ‚
885 3860 1152 3947 quam
1201 3834 1769 3919 libentissime
1834 3834 2374 3950 vulgavimus
2413 3896 2435 3920 .
2503 3836 3053 3921 Postremum
3114 3832 3222 3920 de
3283 3842 3460 3949 pri-

654 3962 1037 4076 migenia
1068 4017 1099 4066 ,
1162 3977 1255 4045 et
1310 3960 1819 4045 translatitia
1882 3955 2452 4077 Agiographia
2485 4017 2519 4064 ,
2579 3960 2712 4045 nil
2743 3961 3246 4046 salebrosam
3298 3965 3462 4047 mi-

654 4111 827 4174 nus
863 4143 893 4189 ,
955 4112 1056 4172 ac
1105 4081 1583 4196 jucundam
1638 4085 2187 4196 provinciam
2242 4090 2323 4168 ι’κ.
2386 4079 2849 4205 «προαιρέσεως
2909 4144 2939 4191 ,
3002 4086 3252 4171 nobis
3317 4083 3463 4172 de-

656 4207 1262 4300 mandavimus
1298 4269 1323 4294 .
1388 4208 1516 4295 At
1570 4212 1817 4294 enim
1880 4207 2248 4295 Latinae
2303 4212 2705 4297 homines
2757 4212 3102 4328 linguae
3137 4209 3461 4297 duabus

658 4336 841 4421 aliis
902 4334 1011 4421 ad
1077 4334 1713 4451 Scripturarum
1804 4330 2306 4421 divinarum
2369 4339 2970 4454 cognitionem
3033 4362 3247 4450 opus
3313 4336 3464 4422 ha-

658 4461 878 4547 bent
951 4519 981 4566 ‚
1073 4462 1463 4548 Hebraea
1514 4463 1843 4547 scilicet
1888 4515 1922 4566 ,
2009 4479 2100 4547 et
2154 4457 2484 4549 Graeca
2544 4519 2578 4566 ,
2639 4478 2743 4546 ut
2796 4458 2901 4545 ad
2955 4462 3467 4573 exemplaria

662 4583 1273 4700 praecedentia
1335 4603 1825 4675 recurratur
1882 4640 1917 4691 ,
1978 4590 2313 4700 siquam
2379 4583 3009 4677 dubitationem
3062 4583 3465 4674 adtulerit
3571 4596 3575 4600 ‘

660 4716 1245 4826 interpretum
1276 4713 1623 4799 infinita
1675 4713 2035 4801 varietas
2071 4772 2101 4819 ‚
2161 4717 2385 4799 sicut
2441 4710 2699 4799 docet
2745 4710 2881 4795 M.
2908 4710 3009 4795 P.
3062 4712 3468 4829 Augusti-

664 4861 833 4920 nus
914 4840 1058 4923 lib.
1098 4856 1197 4923 11.
1260 4838 1370 4925 de
1421 4838 1723 4925 Doctr.
1788 4837 2106 4925 Christ.
2164 4864 2355 4952 cap.
2394 4856 2519 4923 xl.
2576 4894 2609 4945 ‚
2668 4841 3118 4951 utriusque
3172 4841 3470 4950 primi-

663 4964 906 5076 genii
956 4965 1283 5051 Textus
1348 4969 1731 5077 συλλογῆς
1791 4968 2234 5077 specimen
2278 5021 2308 5068 ‚
2373 4961 2854 5074 itidemque
2902 4963 3250 5079 Coptici
3285 5022 3316 5068 ‚
3366 4968 3466 5052 in

650 5084 1137 5201 ‘Tyronum
1190 5096 1551 5210 gratiam
1583 5149 1618 5201 ‚
1677 5117 1987 5206 operae
2067 5093 2450 5207 pretium
2528 5087 2937 5180 ducimus
3013 5090 3405 5179 exhibere
3442 5146 3469 5172 .

2209 5213 2300 5301 A
3293 5212 3469 5300 He·-
