4913 6618
3278 543 3321 600 1
3346 544 3382 602 t
3404 549 3454 634 γ

657 645 1448 742 numerabantz·13t
1501 651 1922 764 quoniam
1974 645 2083 736 ad
2143 644 2596 769 indigenas
2658 663 2915 736 voces
2962 635 3467 759 exprimen-

648 775 800 865 das
840 787 1037 868 satis
1102 780 1479 868 Graecae
1540 806 1728 865 non
1801 796 2054 865 erant
2108 835 2140 881 ‚
2226 805 2387 864 sex
2454 779 2559 860 iis
2648 777 3031 887 proprias
3112 766 3457 856 addide-

650 925 932 1013 runt,
991 908 1078 995 81·
1133 933 1599 992 numerum
1658 908 2060 992 omnium
2113 905 2593 987 litterarum
2656 927 2706 982 a
2765 917 3009 987 xxxv.
3076 895 3187 981 ad
3238 913 3449 981 xxx.

650 966 932 1143 usque,
980 1032 1449 1144 provehere
1504 1027 2140 1120 decreverunt.
2202 1029 2524 1114 Parum
2590 1020 2907 1110 deinde
2976 1041 3068 1108 te
3148 1022 3457 1108 callere

649 1157 1074 1273 significas
1129 1163 1732 1275 grammaticae
1795 1159 2076 1275 legem
2164 1152 2276 1238 de
2338 1173 2638 1240 mut-ua
2704 1152 3389 1238 commutatione
3422 1199 3457 1252 ‚

649 1280 792 1367 vel
851 1287 1112 1368 etiam
1175 1282 1286 1368 de
1343 1286 1996 1399 supplemento
2017 1283 2705 1366 consonantium
2768 1272 3167 1383 ejusdem
3221 1301 3453 1387 orga-

648 1410 809 1490 ni.
877 1407 966 1491 Si
1031 1406 1348 1493 deinde
1408 1406 1904 1524 Aegyptiis
1899 1405 2366 1493 defecisset
2433 1406 2720 1488 littera
2767 1408 2904 1499 A,
2967 1417 3202 1485 certe
3259 1427 3453 1490 non

648 1537 774 1615 eis
859 1530 1218 1618 deerant
1273 1561 1336 1620 π
1399 1591 1427 1634 ‚
1489 1538 1660 1637 ᾡς
1722 1535 1807 1621 ἃ
1866 1561 2009 1639 q.
2082 1589 2148 1637 9,
2206 1532 2704 1617 Teneamus
2770 1529 3072 1641 igitur
3096 1552 3160 1633 q
3222 1521 3457 1637 apud

649 1658 1490 1779 Graeco-Aegyptios
1531 1664 1929 1772 primitus
1993 1657 2683 1774 nonagenarium
2748 1678 3234 1739 numerum
3296 1655 3452 1736 in·-

647 1778 1025 1890 ὥσπερ,
1086 1813 1183 1871 ac
1259 1802 1552 1934 postea
1604 1787 1793 1871 loco
1873 1784 1952 1882 ᾧ
2001 1784 2532 1868 obtinuisse.
2597 1779 2759 1862 Par
2808 1775 2917 1860 de
2984 1773 3455 1864 Graecani·-

644 1933 750 1994 ca
808 1914 1156 1998 numeri
1217 1915 1532 1995 senarii
1602 1928 1811 1995 nota
1882 1907 2300 2017 judicium
2379 1904 2799 1992 ferimus.
2862 1902 3453 2020 Memphithae

646 2031 1011 2122 fizrtasse
1106 2033 1510 2121 omniul'n
1627 2036 1889 2148 primi
1983 2034 2209 2118 illam
2307 2029 2827 2144 adoptarunt
2932 2032 3093 2114 sub
3184 2029 3455 2122 hacce

637 2156 960 2245 sonna
987 2185 1048 2243 ε·
1117 2190 1324 2247 cum
1384 2157 1685 2246 eadem
1747 2160 2172 2244 numerali
2227 2156 2855 2275 significatione
2895 2210 2928 2257 ‚
2985 2173 3246 2266 atque
3306 2158 3448 2242 iti-

641 2281 850 2367 dem
907 2288 1322 2389 litterali,
1384 2285 1600 2371 adeo
1660 2303 1759 2369 ut
1825 2282 1933 2369 ad
1989 2281 2519 2370 Graecorum
2581 2284 3160 2367 imitationem
3192 2308 3349 2392 per
3383 2295 3444 2366 t·

641 2410 854 2494 bina
906 2414 1336 2497 elementa
1404 2427 1464 2493 Σ
1504 2471 1535 2514 ‚
1594 2409 1683 2498 ἃ
1737 2426 1798 2492 '1'
1835 2469 1866 2516 ‚
1928 2437 2080 2495 seu
2146 2429 2206 2491 c
2272 2467 2303 2513 ,
2363 2407 2594 2495 &st
2665 2406 3125 2520 aliquando
3189 2406 3442 2493 effer·-

643 2553 854 2620 rent
885 2596 912 2620 .
977 2536 1118 2622 Re
1176 2534 1530 2650 quidem
1581 2565 1783 2624 vera
1819 2594 1851 2641 ,
1908 2536 2326 2621 Boniurio
2373 2552 2594 2620 teste
2671 2538 2771 2617 in
2856 2530 3150 2619 Gram-
3206 2557 3367 2618 ms.
3407 2593 3442 2640 ‚

639 2656 879 2772 quod
943 2687 994 2745 a
1044 2659 1396 2748 Graecis
1445 2658 1760 2747 dicitur
1817 2658 2074 2776 ςαυρὸς
2145 2660 2388 2747 Crux
2453 2717 2485 2763 9
2569 2656 2987 2777 Aegyptii
3052 2659 3453 2748 scribunt

641 2803 1027 2896 νεαροῦ
1065 2849 1094 2894 ,
1155 2789 1296 2875 vel
1343 2808 1812 2898 etta-spuo
1847 2846 1871 2869 .
1927 2789 2182 2873 Plura
2233 2787 2469 2872 lectu
2517 2784 2933 2902 perdigna
2978 2802 3191 2870 sunt
3217 2781 3449 2898 apud

643 2908 1121 3029 Georgium
1187 2912 1296 2999 de
1353 2921 1718 2998 nomine
1753 2973 1783 3017 ,
1844 2915 2185 3015 valore,
2245 2939 2346 2997 ac
2377 2914 2610 2998 varia
2656 2910 2931 2995 forma
2962 2909 3443 3030 Aegyptia-

637 3060 793 3136 cae
857 3040 1321 3122 numeralis
1413 3061 1469 3118 t-
1547 3045 1630 3149 §.
1689 3057 1880 3127 v111.
1920 3096 1952 3143 ,
2013 3040 2162 3124 ubi
2217 3041 2476 3121 etiam
2524 3032 2855 3122 disserit
2909 3032 3019 3124 de
3086 3051 3295 3123 nota
3355 3071 3443 3120 ru

639 3156 945 3272 σπ-ιο-ἦμκ
997 3158 1264 3248 κόππα
1300 3221 1324 3246 .
1388 3160 1557 3247 Sed
1611 3191 1902 3276 neque
1947 3164 2054 3248 ab
2107 3163 2268 3248 hoc
2302 3159 2931 3280 Aegyptiarum
2960 3164 3487 3250 litterarum.

635 3287 1206 3375 celeberrimo
1266 3290 1598 3378 cultore
1631 3347 1663 3393 ‚
1725 3318 2017 3402 neque
2081 3292 2186 3375 ab
2221 3290 2414 3377 aliis
2478 3308 3259 3389 commemoratum
3289 3319 3440 3378 no·

636 3414 988 3518 vimus,
1052 3442 1214 3499 ceu
1269 3417 1375 3500 ab
1426 3414 1879 3532 Aegyptiis
1911 3418 2190 3527 aliqua
2222 3419 2384 3500 sub
2405 3414 2683 3502 forma
2732 3421 3144 3518 usitatum
3175 3414 3441 3504 Graea-
3560 3401 3571 3419 ⁶

634 3560 942 3623 corum
1012 3537 1369 3650 οπυσῆμον
1434 3569 1700 3651 capvt
1776 3599 1806 3647 ,
1870 3569 2045 3655 quo
2119 3546 2893 3657 nongentesimum
2956 3569 3433 3629 numerum

628 3658 794 3747 hoc
861 3663 1121 3750 modo
1149 3661 1284 3786 ὃ
1344 3671 1908 3780 exprimunt.
1973 3669 2334 3750 Interim
2398 3694 2609 3754 cum
2673 3669 3442 3779 exploratissimum

628 3790 741 3870 sit
804 3785 1281 3907 Aegyptios
1344 3820 1396 3874 a
1449 3789 1798 3877 Graecis
1857 3811 2290 3878 mutuatos
2344 3792 2607 3879 fuisse
2674 3811 2975 3878 notam
3032 3821 3435 3880 numera-

625 3911 804 3997 lem
873 3935 934 3993 t‘
967 3974 997 4020 ,
1060 3943 1286 4027 quae
1346 3909 1456 3999 ad
1517 3917 1871 4004 classem
1932 3923 2318 4032 pertinet
2382 3924 2889 4023 unitatum,
2952 3919 3437 4034 itidemque

627 4057 930 4123 notam
997 4042 1350 4127 alteram
1422 4067 1510 4147 q
1542 4038 1652 4125 ad
1710 4045 2066 4130 classem
2132 4042 2555 4131 decadum
2601 4026 3144 4159 spectantem
3178 4106 3210 4151 ‚
3269 4072 3434 4133 cut

629 4188 819 4248 non
874 4167 1444 4278 conjiciamus
1505 4167 1688 4251 illos
1741 4196 2094 4281 quoque
2151 4167 2593 4258 admisisse
2618 4173 2903 4281 aliqua
2947 4173 3106 4255 sub
3155 4171 3436 4261 fimna

628 4308 934 4373 notam
967 4293 1284 4395 eduae,
1308 4318 1530 4404 quae
1563 4320 2035 4378 numerum
2069 4293 2559 4411 significans
2594 4286 3368 4417 nongentesimum
3402 4334 3435 4402 ς

622 4413 975 4500 classem
1029 4421 1730 4503 centenariorum
1793 4416 2560 4532 comprehendat?
2594 4422 2832 4507 Hinc
2886 4477 2918 4525 ,
2984 4440 3082 4507 ut
3146 4426 3425 4505 ωυθιὲ

628 4535 778 4651 piac
810 4538 1259 4644 dicamus,
1295 4545 1388 4623 in
1431 4546 2010 4656 suspicionem
2044 4550 2443 4633 venimus
2494 4545 3133 4663 Aegyptiacum
3168 4549 3429 4658 «κάμνε-ι

630 4682 938 4749 notam
986 4694 1167 4752 esse
1219 4666 1575 4776 hujusce
1617 4667 1890 4755 fortae
1942 4671 2259 4788 figurae
2326 4694 2392 4755 a
2427 4729 2461 4777 ‚
2524 4698 2785 4786 quam
2846 4701 2950 4757 ex
3006 4674 3439 4785 Bonjutio

625 4790 883 4899 ponit
949 4788 1363 4908 Georgius
1429 4800 1511 4904 ᾖ.
1561 4820 1766 4877 mox
1820 4798 2081 4883 citato
2133 4822 2321 4914 pag.
2349 4818 2499 4881 Ln-
2540 4817 3066 4911 ,tamquam
3104 4810 3481 4886 novam}
3575 4875 3609 4917 3

631 4914 1018 5024 speciem
1069 4935 1406 5021 notae,
1465 4923 1899 5003 senarium
1963 4947 2432 5007 numerum
2515 4925 3068 5027 exhibentis,
3128 4920 3475 5009 docto-.

641 5048 841 5125 rum
886 5035 1208 5149 iudicio
1259 5047 1621 5132 imerim
1658 5045 2228 5167 relinquens,
2271 5046 2583 5141 eadem
2640 5076 2761 5141 ne
2821 5047 3082 5151 fuerit
3105 5107 3136 5157 ,
3168 5058 3479 5164 quam·
