4913 6618
3362 469 3470 555 Ι5

657 598 1011 659 sensum
1061 572 1562 659 obtineant.
1600 567 1706 655 In
1746 567 2187 685 principio
2218 569 2444 655 viclit
2468 567 2711 655 Deus
2742 624 2775 676 9
2835 567 3082 681 quod
3127 566 3474 655 Israeli·

657 718 804 784 tae
852 703 1333 815 acciperent
1382 697 1722 818 Iegem.
1784 699 2081 782 Tertia
2143 694 2507 782 Cabalae
2558 698 2884 807 species
2914 753 2944 797 ,
2993 721 3254 805 quam
3322 723 3474 783 vo·-

657 847 869 911 cant
921 829 1294 910 Temura
1356 826 1462 909 ab
1498 843 2141 943 anagrammate
2220 851 2407 909 non
2467 815 2830 905 differt.
2905 820 3110 906 Huc
3203 824 3472 908 etiam

658 952 953 1035 referri
1024 968 1305 1064 potest
1364 951 1707 1036 Athaclz
1740 981 1911 1039 vox
1940 949 2239 1037 fictitia
2274 1009 2304 1055 ‚
2336 976 2507 1064 qua
2537 962 2857 1036 vocant
2903 948 3476 1057 scriptionem

657 1076 1097 1188 quandam
1171 1106 1579 1163 arcanam
1624 1080 1719 1162 in
1790 1106 1896 1162 eo
1950 1083 2201 1163 sitam
2262 1136 2293 1182 ,
2357 1071 2590 1188 quod
2674 1100 2957 1159 unum
3043 1068 3472 1182 alphabeti

656 1204 1197 1290 elementum
1236 1232 1459 1317 ‚pro
1489 1206 1653 1291 alio
1685 1223 2200 1319 usurpetur.
2271 1203 2580 1290 Cabala
2626 1199 2983 1324 demum
3017 1200 3174 1282 alia
3207 1215 3474 1283 utun-

653 1347 803 1415 tur
857 1327 1151 1447 Judaei
1190 1390 1220 1434 ‚
1266 1360 1531 1442 quam
1572 1334 2055 1443 practicam
2119 1328 2486 1414 dicunt.
2556 1330 2838 1439 Hujus
2893 1311 3060 1435 ope
3127 1326 3471 1410 mirabi-

655 1456 765 1540 lia
823 1486 913 1541 se
951 1475 1289 1567 patrare
1336 1483 1581 1569 posse
1639 1457 2118 1558 effutiunt,
2175 1458 2286 1539 ob
2342 1482 2599 1538 usum
2642 1456 3148 1576 praesertim
3189 1454 3490 1535 nomi-.

654 1586 796 1668 nis
843 1586 1008 1668 Dei
1072 1585 1888 1701 Tetragratntnaton
1917 1640 1938 1663 .
2006 1513 2140 1666 D'e
2196 1609 2298 1665 ea
2331 1638 2361 1684 ‚
2394 1584 2501 1665 ab
2556 1579 2926 1665 Ecclesia
2991 1577 3183 1685 jure
3246 1579 3471 1688 opti-

654 1737 807 1796 mo
872 1713 1345 1822 proscripta
1397 1766 1426 1808 ‚
1489 1711 1607 1790 ita
1652 1706 1935 1792 Sixtus
2007 1706 2417 1792 Senensis
2481 1707 2626 1790 lib.
2663 1725 2757 1788 11.
2810 1701 3210 1789 Biblioth.
3274 1730 3472 1787 san-

654 1855 905 1921 ctae:
948 1835 1177 1919 Falsa
1231 1853 1488 1943 atque
1558 1837 1821 1947 impia
1879 1833 2185 1918 Cabala
2236 1852 2364 1918 est
2420 1836 2953 1917 ementitum
3028 1826 3472 1942 quoddam

646 1960 1044 2078 Judaicae
1095 1957 1623 2045 Traditionis
1688 1987 1965 2078 genus
1993 2019 2022 2063 ,
2055 1958 2287 2072 quod
2320 1962 2691 2070 improbi
2727 1952 3083 2072 quidam
3119 1954 3476 2069 Judaei,

653 2116 702 2172 a
774 2086 1086 2199 Moyse
1143 2114 1247 2170 ex
1299 2086 1687 2169 Patribus
1738 2112 2011 2198 usque
2075 2084 2179 2169 ad
2243 2091 2467 2197 ipsos
2544 2108 2985 2169 emanasse
3068 2078 3379 2165 dicunt
3442 2138 3475 2185 ‚

655 2216 1145 2296 innumeris
1214 2215 1732 2296 vanitatibus
1787 2211 2270 2315 refertum,
2339 2209 2554 2294 nihil
2608 2227 2758 2294 aut
2809 2234 3120 2321 parum
3178 2233 3227 2289 a
3285 2206 3473 2290 Ne-

654 2343 1139 2422 cromantia
1195 2333 1518 2418 distans
1577 2367 1608 2439 ς
1675 2337 2037 2451 explicat
2102 2339 2346 2423 enim
2413 2352 2741 2422 secreta
2820 2328 3242 2445 quaedam
3304 2333 3472 2417 Dei

654 2466 1078 2563 nomina,
1116 2466 1668 2572 ipsorumque
1738 2466 2096 2548 virtutes
2167 2462 2551 2548 occultas
2596 2520 2626 2565 ,
2662 2461 2975 2573 quibus
3029 2453 3137 2540 ad
3200 2459 3476 2575 ligan-

653 2585 807 2671 dos
875 2588 1425 2687 Daemones,
1459 2585 1545 2671 8(
1602 2583 1706 2670 ad
1772 2591 2218 2704 praestigia
2269 2584 2758 2694 facienda,
2818 2584 3476 2670 Necromantici

654 2713 1066 2799 nonnulli
1126 2711 1351 2824 apud
1398 2645 1764 2827 ⁹Judaeos
1808 2733 2182 2801 utuntur
2218 2772 2249 2820 ‚
2282 2734 2754 2800 asserentes
2783 2773 2813 2817 ‚
2848 2713 3291 2798 Christum
3326 2735 3474 2792 no·

651 2859 933 2923 strum
987 2838 1242 2948 hujus
1309 2841 1510 2921 artis
1567 2865 1732 2951 ope
1771 2896 1799 2941 ‚
1834 2846 2133 2925 omnia
2166 2868 2315 2923 sua
2344 2842 2754 2925 miracula
2788 2837 3149 2925 edidisse
3184 2894 3211 2920 .
3276 2836 3474 2921 Hoc

653 2969 916 3082 igitur
972 2968 1603 3078 superstitionis
1668 2991 1944 3081 genus
2004 3023 2036 3070 ,
2096 2965 2502 3050 Cabalam
2582 2968 3053 3080 improprie
3118 2961 3474 3073 appella·

616 3094 1299 3200 *tum‚ecclesia
1363 3093 1771 3203 proximis
1838 3096 2093 3176 annis
2176 3095 2492 3175 merito
2559 3090 3007 3178 damnavit
3072 3145 3138 3192 ‚‚
3206 3143 3229 3168 .
3297 3082 3470 3170 Sed

653 3215 966 3302 Cabala
1028 3215 1135 3302 ad
1190 3244 1495 3304 orcum
1547 3220 1895 3302 remissa
1932 3279 1960 3322 ,
1995 3223 2311 3304 iterum
2361 3215 2470 3300 de
2526 3217 2820 3303 Misna
2875 3277 2905 3324 ‚
2956 3218 3045 3306 8<
3099 3212 3476 3298 Tahnud

652 3342 941 3430 brevis
997 3363 1128 3428 est
1186 3346 1525 3427 mentio
1576 3344 1967 3428 habenda
2029 3405 2050 3428 .
2118 3347 2318 3458 Quo
2376 3348 2765 3458 primum
2828 3365 3232 3457 tempore
3296 3337 3473 3424 Mi·

651 3493 813 3554 sna
851 3526 881 3572 ‚
915 3495 1064 3553 seu
1123 3467 1261 3552 lex
1306 3466 1552 3550 oralis
1598 3464 1909 3552 tradita
1960 3472 2261 3553 litteris
2325 3473 2590 3555 fuerit
2626 3530 2654 3574 ‚
2723 3501 2909 3556 non
2980 3472 3175 3556 satis
3236 3468 3477 3553 inter

653 3590 1032 3676 eruditos
1100 3610 1445 3676 constat
1504 3648 1528 3672 .
1590 3592 1778 3673 Leo
1840 3593 2375 3676 MutInensis
2438 3597 2878 3678 Hebraeus
2943 3601 3307 3705 scriptor
3371 3598 3466 3676 in

653 3736 876 3830 part.
918 3737 1011 3801 11.
1085 3713 1192 3799 de
1256 3714 1799 3802 Ceremoniis
1856 3713 2227 3832 Judaicis
2294 3744 2485 3827 cap.
2530 3745 2616 3799 2.
2681 3720 3139 3804 observans
3174 3713 3305 3799 nil
3325 3716 3472 3831 Ju-

655 3839 885 3926 daeis
939 3839 1276 3927 licuisse
1303 3901 1331 3945 ‚
1365 3840 1473 3925 de
1534 3858 1942 3925 oretenus
2006 3846 2525 3927 transmissis
2561 3899 2591 3945 ‚
2628 3846 3105 3956 scriptitare
3129 3901 3160 3948 ,
3196 3866 3473 3953 quan-

655 3964 807 4053 diu
868 3968 1342 4079 Templum
1404 3970 1890 4078 permansit
1922 4025 1950 4070 ‚
2003 3985 2369 4052 centum
2433 3993 2531 4051 ac
2584 3971 2902 4084 viginti
2933 3996 3215 4054 annos
3279 3985 3477 4076 post

656 4092 841 4203 ejus
893 4096 1441 4181 eversionem
1494 4147 1527 4196 ‚
1590 4119 1639 4173 3
1704 4088 2077 4204 quodam
2133 4092 2541 4176 Rabbino
2586 4092 2806 4207 Juda
2861 4108 3379 4209 nuncupato
3440 4150 3478 4200 ‚

659 4238 1084 4305 exaratam
1138 4216 1396 4303 fuisse
1462 4216 1926 4302 contendit
1959 4276 1982 4299 .
2050 4217 2293 4304 Ante
2360 4216 2682 4302 Christi
2747 4219 3112 4304 Domini
3171 4220 3482 4305 nativi-

655 4364 925 4430 tatem
947 4347 1084 4429 alii
1110 4348 1517 4455 scriptam
1552 4348 2030 4456 opinantur
2065 4376 2094 4447 ς
2132 4345 2403 4429 altum
2469 4363 2681 4431 vero
2715 4350 3215 4458 praesertim
3250 4343 3483 4458 apud

655 4489 991 4559 veteres
1058 4471 1481 4554 Ecclesiae
1532 4470 1825 4556 Patres
1881 4469 1988 4555 de
2040 4472 2175 4554 illa
2228 4470 2672 4557 silentium
2708 4533 2738 4577 ‚
2805 4473 3122 4561 multos
3192 4468 3476 4558 erudi-

657 4615 790 4681 tos
837 4600 1273 4711 permovit
1338 4655 1368 4699 ‚
1430 4596 1889 4680 Morinum
1958 4598 2101 4682 lib.
2142 4614 2237 4680 11.
2306 4602 2743 4685 exercitat.
2790 4599 3000 4684 Bibl.
3033 4659 3065 4707 ,
3110 4600 3474 4685 Buxtor-

661 4719 874 4806 fium
936 4726 1028 4806 in
1083 4721 1479 4808 Biblioth.
1543 4720 1921 4807 Rabbin.
1954 4781 1987 4829 ‚
2019 4724 2442 4836 aliosque,
2478 4741 2578 4808 ut
2629 4728 2991 4811 nonnisi
3051 4746 3245 4841 post
3267 4724 3473 4808 Hie·

660 4852 1013 4960 ronymi
1072 4867 1465 4960 tempora
1522 4844 1987 4935 conflatam
2051 4852 2624 4937 existimarint
2688 4910 2714 4936 .
2781 4853 3045 4939 Hisce
3096 4855 3386 4966 potius
3440 4903 3476 4954 ,

658 4995 941 5085 quam-
985 5000 1149 5087 pro
1211 4980 1672 5064 remotiore
1733 4976 2113 5064 Misnica
2179 4995 2609 5071 vetustate
2631 4981 3237 5098 pugnantibus
3266 5036 3303 5086 ,
3337 4977 3488 5185 a}
