4913 6618
599 648 816 757 gant
849 691 879 739 ‚
914 629 1448 749 singulorum
1470 621 2231 737 interpretationes
2255 638 2914 737 componuntur
2944 624 3038 709 in
3079 526 3410 713 unam}

602 761 948 848 adorate
1002 760 1275 843 filium
1311 812 1341 856 ‚
1390 751 1540 837 sed
1604 749 1949 838 adorate
2015 779 2235 867 pure
2271 808 2301 856 ,
2359 755 2582 835 serio
2635 812 2666 859 ,
2728 780 2933 842 vere
2993 810 3023 855 ‚
3091 750 3409 843 doctri-

604 916 817 973 nam
855 946 885 991 ,
946 883 1037 971 81
1083 880 1624 994 disciplinam
1692 879 1879 989 eius
1960 883 2471 990 arripientes
2533 936 2564 982 ‚
2628 877 2718 964 ἃ
2788 906 3134 962 morum
3194 939 3223 984 ‚
3307 903 3409 967 ac

600 1018 831 1104 vitae
884 1008 1318 1095 munditia
1374 1008 1957 1117 exprimentes
1986 1064 2011 1089 .
2065 1001 2420 1089 Erudite
2448 1002 2596 1086 has
2633 1001 3183 1089 difficultates
3217 1034 3411 1092 coa-

601 1135 879 1225 dunat
931 1133 1042 1221 V.
1090 1135 1225 1221 Cl.
1255 1132 1691 1251 Johannes
1745 1131 1992 1245 Bapt.
2047 1132 2443 1217 Eberenz
2475 1132 2571 1212 in
2608 1130 2963 1246 Regulis
3030 1130 3415 1221 methodi

601 1263 1327 1381 Hagiographicae
1376 1285 1561 1369 cap·
1596 1277 1688 1345 V.
1756 1261 1841 1366 §.
1892 1291 1972 1372 7.
2042 1284 2199 1372 per
2253 1257 2907 1343 Anabathmum
2945 1316 2975 1360 ‚
3041 1284 3194 1340 seu
3238 1287 3418 1345 mo·

603 1392 819 1481 dum
873 1384 1289 1501 loquendi
1352 1381 1960 1488 orientalium,
2018 1403 2170 1469 aut
2204 1379 2755 1469 ascendendo
2790 1440 2820 1488 ‚
2875 1403 3024 1468 aut
3057 1382 3414 1471 descen-

606 1515 903 1606 dendo
936 1573 967 1619 ‚
1021 1516 1340 1626 absque
1393 1514 1937 1622 expressione
1970 1506 2391 1626 graduum
2432 1566 2463 1610 ‚
2519 1513 2637 1591 ita
2689 1526 2788 1592 ut
2840 1508 3148 1625 gradus
3182 1536 3414 1595 sum.

607 1671 805 1732 mus
831 1702 861 1747 ‚
913 1658 1062 1725 aut
1112 1639 1463 1725 infimus
1494 1632 1730 1718 idem
1762 1635 2191 1750 significet
2225 1694 2256 1740 ‚
2307 1630 2544 1746 quod
2594 1632 2900 1749 gradus
2933 1636 3070 1719 ille
3107 1695 3137 1739 ‚
3170 1635 3415 1725 unde

605 1770 999 1858 ascensio
1032 1822 1062 1870 ‚
1127 1767 1269 1852 vel
1334 1759 1784 1850 descensio
1843 1762 2247 1846 inchoata
2308 1778 2437 1845 est
2494 1817 2519 1841 .
2609 1758 2748 1846 Sic
2820 1765 2975 1874 qui
3032 1762 3418 1876 aliquem
3543 1844 3550 1849 .

605 1897 1000 2015 agnoscit
1034 1948 1067 1996 ‚
1114 1909 1217 1975 ut
1274 1915 1534 1974 suum
1585 1889 1929 2002 Regem
1980 1891 2067 1972 ei
2129 1902 2502 2001 praestat
2581 1886 3079 2005 homagium
3138 1947 3172 1995 ‚
3261 1892 3419 2003 qui

605 2038 977 2137 praestat
1039 2016 1540 2133 homagium
1600 2014 1890 2128 Regi,
1951 2014 2095 2096 ille
2156 2009 2381 2124 apud
2438 2014 2896 2098 orientales
2932 2020 3104 2101 ritu
3135 2020 3419 2128 patrio

606 2143 700 2233 id
764 2146 1057 2232 osculo
1099 2160 1464 2229 testatur
1498 2197 1529 2243 ‚
1594 2140 1759 2225 hoc
1816 2139 2111 2225 osculo
2163 2135 2618 2251 profitetur
2679 2164 2772 2221 se
2825 2140 3053 2258 Regi
3118 2141 3415 2227 subdi-

605 2291 801 2359 tum
840 2305 861 2353 z
928 2273 1084 2383 qui
1137 2288 1269 2354 est
1324 2263 1712 2351 subditus
1749 2321 1783 2369 ‚
1840 2259 2415 2381 apprehendit
2456 2266 3069 2379 praescriptam
3093 2297 3141 2354 a
3171 2269 3419 2386 Rege

609 2397 1157 2511 disciplinam
1193 2424 1218 2476 ε
1292 2421 1499 2512 ergo
1559 2391 1954 2478 osculans
2017 2391 2293 2475 filium
2324 2445 2356 2496 ,
2416 2389 2507 2476 ἃ
2561 2390 3227 2503 apprehendens
3294 2392 3416 2478 di-

608 2527 1067 2639 sciplinam
1136 2517 1373 2609 idem
1434 2535 1643 2602 sunt
1679 2573 1703 2599 .
1794 2516 1926 2601 En
1969 2574 2000 2620 ‚
2067 2545 2332 2628 quam
2387 2543 2703 2633 magna
2770 2523 3053 2629 primo
3109 2523 3420 2623 obtutu

608 2653 789 2739 visa
833 2665 965 2732 est
1027 2644 1511 2732 differentia
1547 2702 1577 2747 ‚
1630 2660 1812 2727 tam
1871 2641 2084 2727 levis
2119 2701 2149 2745 ‚
2206 2645 2388 2726 imo
2418 2642 2654 2727 nulla
2686 2660 2818 2727 est
2853 2707 2883 2752 ‚
2935 2663 3197 2760 atque
3218 2674 3419 2732 sen-

606 2803 750 2862 sus
799 2772 1182 2859 litteralis
1261 2829 1291 2876 9
1385 2769 1474 2856 ἅ
1525 2767 1893 2883 Vulgata
1956 2773 2292 2881 optime
2350 2767 2852 2854 defenditur
2918 2830 2984 2877 ‚,
3048 2831 3073 2855 .
3164 2773 3425 2859 Hanc

607 2906 884 3016 ipsam
951 2900 1583 3011 expositionem
1669 2894 1929 3009 longe
2014 2910 2223 2977 ante
2309 2894 2895 2980 Eberenzium
2950 2960 2978 2997 ‚
3066 2893 3118 3009 (
3175 2899 3426 3007 cujus

606 3047 907 3114 tamen
975 3019 1360 3108 laudibus
1424 3022 1852 3108 malumus
1912 3014 2225 3104 addere
2258 3078 2291 3126 ‚
2334 3046 2604 3132 quam
2638 3016 3162 3137 detrahere)
3221 3022 3423 3109 ado·

608 3169 1002 3268 ptaverat
1045 3145 1501 3237 Abenezra
1532 3208 1563 3254 ‚
1590 3148 1743 3259 qui
1769 3154 1994 3231 te'ste
2024 3144 2465 3231 Buxtorfio
2488 3148 2585 3231 in
2625 3145 2948 3233 Lexico
2968 3148 3427 3236 Hebraico-

609 3274 1074 3366 Chaldaico
1134 3273 1247 3364 ad
1302 3273 1821 3365 vocabulum
1874 3283 1976 3378 ἰζ
2009 3330 2043 3378 ,
2110 3270 2615 3388 expendens
2672 3270 2886 3360 illud
2909 3272 3420 3368 Prov.xxx1.

609 3459 702 3519 v.
727 3456 817 3511 2.
877 3434 999 3531 ’‘J?
1057 3428 1226 3514 Fili
1252 3429 1377 3511 mi
1408 3484 1442 3532 ‚
1472 3453 1661 3512 non
1710 3425 1974 3514 modo
2033 3431 2517 3521 observavit
2560 3459 2875 3523 vocem
2925 3461 3032 3527 τι
3084 3452 3278 3522 tum
3324 3439 3422 3520 in

607 3585 946 3674 Psalmo
1004 3602 1101 3665 11.
1138 3637 1172 3687 ‚
1230 3599 1425 3666 tum
1484 3584 1585 3664 in
1638 3577 2052 3669 Proverb.
2117 3579 2355 3667 idem
2446 3567 2936 3701 significare
3000 3643 3036 3692 ‚
3116 3612 3430 3673 verum

608 3717 879 3802 etiam
926 3703 1373 3794 osculandi
1430 3706 1791 3794 verbum
1825 3710 1920 3790 in
1959 3709 2175 3794 Psal.
2203 3702 2545 3797 laudato
2576 3767 2609 3816 ‚
2666 3717 3146 3824 exprimere
3174 3737 3425 3798 oscu-

608 3837 802 3924 lum
854 3835 1420 3944 subjectionis
1454 3892 1485 3938 ‚
1551 3831 1640 3918 ἃ
1687 3829 2234 3922 obedientiae
2270 3893 2301 3940 ‚
2343 3853 2449 3921 ut
2476 3842 2968 3925 etiamnum
3000 3893 3030 3941 ‚
3067 3841 3366 3950 inquit
3398 3894 3432 3946 ‚

610 3965 879 4053 moris
937 3978 1069 4047 est
1113 3954 1348 4071 apud
1401 3955 1660 4045 Indos
1687 4018 1712 4042 .
1767 3956 1939 4044 Sed
1997 3958 2086 4048 ἃ
2147 3956 2359 4044 illud
2389 4018 2419 4066 ‚
2486 3967 2642 4076 qui
2703 3963 3180 4050 Hebraicae
3244 3964 3429 4050 lin-

608 4114 829 4211 guae
874 4085 1206 4199 analysi
1264 4086 1599 4198 pollent
1629 4143 1663 4191 ‚
1720 4081 2284 4171 commodum
2349 4093 2856 4203 percipiunt
2912 4147 2945 4195 ‚
3001 4085 3235 4202 quod
3299 4089 3427 4198 fae

614 4217 782 4306 csse
843 4206 1202 4304 videant
1264 4239 1318 4296 a
1371 4210 1646 4299 Sacris
1700 4207 2165 4298 Codicibus
2221 4212 2510 4298 abesse
2563 4210 3036 4325 wuromylau
3074 4272 3105 4319 ‚
3164 4217 3232 4325 ²9
3262 4249 3435 4299 ταν·

612 4339 944 4451 vos-»xlm
982 4367 1006 4394 ·
1068 4335 1497 4424 Eccontra
1556 4337 2027 4426 Hebraicae
2114 4337 2463 4455 linguae
2519 4342 2842 4458 ignaris
2910 4396 2943 4444 ‚
3024 4338 3274 4452 plura
3329 4344 3428 4425 in

613 4470 872 4556 sacris
934 4465 1237 4550 litteris
1293 4491 1385 4551 se
1405 4492 1497 4549 se
1552 4464 1935 4552 offerunt
1967 4523 2001 4570 ‚
2057 4492 2278 4578 quae
2313 4465 2702 4552 eundem
2733 4466 3213 4578 exprimere
3241 4492 3438 4550 sen·

611 4621 813 4681 sum
874 4587 1289 4679 videntur
1323 4648 1354 4695 ,
1416 4590 1784 4704 perinde
1813 4618 1913 4677 ac
1940 4595 2013 4675 si
2042 4589 2335 4677 forent
2398 4587 3011 4710 synonymiae
3048 4649 3073 4672 .
3136 4589 3262 4676 Ita
3293 4589 3435 4698 illa

603 4719 1027 4840 Jeremiae
1049 4733 1490 4831 cap.x1..V,1.
1539 4746 1629 4804 v.
1658 4750 1742 4833 3.
1796 4719 2335 4833 praeparate
2389 4739 2732 4805 scutum
2759 4775 2793 4826 ,
2826 4715 2933 4809 <3⁶
2962 4717 3359 4833 clypeum
3401 4748 3427 4801 ε

616 4879 785 4987 neit?
827 4875 1158 4981 1:393239
1210 4893 1396 4954 non
1455 4862 1883 4956 denotant
1934 4864 2172 4955 idem
2232 4866 2642 4957 bellicum
2674 4871 3371 4953 instrumentum
3393 4920 3429 4974 ,

616 5046 720 5112 ac
785 5037 1232 5134 praeterea
1290 5017 1649 5108 Sanctes
1700 5017 1933 5137 Pagn
1942 5019 2177 5106 inius
2240 5015 2655 5108 transfert
2690 5046 2717 5102 e
2780 5014 3204 5104 Orclinate
3247 5045 3425 5101 scu·

1556 5195 1561 5200 -
2430 5143 2469 5225 1
2503 5167 2557 5229 2
3190 5159 3378 5226 tum
3399 5199 3435 5254 2
