4913 6618
3346 580 3385 638 1

660 659 1246 759 simulandum
1296 665 1653 750 interim
1685 681 1875 749 non
1913 673 2045 748 est
2063 721 2091 763 ,
2113 657 2479 781 Judaeos
2542 690 2911 760 asserere
2944 673 3040 758 in
3077 581 3461 788 antiqui}

662 823 969 884 eorum
1021 791 1454 879 codicibus
1487 849 1520 895 ‚
1587 789 1872 902 plures
1928 794 2438 879 variationes
2501 792 2763 882 filisse
2818 796 3386 911 deprehensas
3434 860 3465 888 .

663 921 853 1010 Viri
908 921 1411 1036 Synagogae
1442 942 1809 1033 magnae
1843 973 1873 1020 ,
1909 920 2201 1028 inquit
2227 913 3176 1039 Kimchius(P1-aefat.
3215 928 3469 1013 Com·

657 1065 930 1131 ment.
989 1046 1097 1161 in⁶
1120 1046 1464 1157 priores
1519 1041 1889 1154 Prophe.
1953 1039 2002 1154 )
2061 1047 2213 1169 qui
2264 1046 2543 1161 legem
2578 1047 2828 1130 nobis
2858 1049 2954 1131 in
2996 1042 3467 1162 pristinum

659 1192 981 1260 statum
1036 1173 1608 1283 restituerunt
1639 1225 1669 1273 ,
1701 1171 2247 1254 invenerunt
2311 1166 2835 1257 differentias
2897 1176 2993 1257 in
3053 1174 3283 1260 libris
3317 1235 3348 1280 ‚
3379 1177 3469 1267 &

658 1302 936 1389 secuti
983 1313 1195 1380 sunt
1249 1290 1902 1381 multitudinem
1937 1296 2090 1395 ;in
2154 1297 2360 1382 locis
2420 1322 2633 1383 vero
2703 1325 3077 1411 quorum
3150 1302 3468 1388 claram

662 1428 1263 1544 cognitionem
1287 1423 1650 1506 assecuti
1679 1446 1866 1503 non
1905 1436 2114 1503 sunt
2149 1478 2179 1525 ‚
2212 1450 2497 1506 unum
2544 1427 3075 1537 scripserunt
3104 1430 3199 1510 in
3232 1427 3468 1512 Tex-

664 1570 768 1638 tu
801 1608 834 1656 ‚
862 1549 950 1639 &
1013 1575 1202 1633 non
1262 1562 1972 1660 punctuaverunt
2010 1599 2040 1646 ‚
2072 1563 2221 1629 aut
2276 1544 2409 1647 ad,
2439 1552 2920 1664 marginem
2948 1609 2977 1656 ,
3007 1549 3096 1637 ἃ
3150 1553 3469 1640 Textui

667 1705 857 1764 non
930 1679 1488 1759 inseruerunt
1521 1730 1585 1777 ‚,
1623 1729 1646 1753 .
1711 1669 2085 1753 Ulterius
2147 1668 2461 1757 Esdrae
2495 1731 2525 1776 ,
2557 1671 2644 1758 ἃ
2705 1674 2910 1790 legis
2969 1679 3259 1788 peritis
3294 1677 3467 1793 Sy-

669 1827 1053 1922 nagogae
1111 1825 1476 1916 magnae
1537 1793 2038 1882 adscribunt
2093 1796 2272 1879 illas
2297 1854 2328 1902 ‚
2360 1825 2571 1910 quas
2619 1802 3056 1913 appellant
3087 1859 3118 1906 ,
3178 1804 3471 1890 Corre-

666 1933 990 2015 ctiones
1051 1926 1539 2010 Scribarum
1609 1980 1640 2026 ,
1706 1949 1853 2005 sex
1908 1923 2333 2009 nimirum
2393 1924 2581 2009 loca
2646 1930 3213 2045 primigeniae
3265 1926 3468 2017 red-

679 2053 857 2140 dita
923 2054 1338 2137 lectioni.
1403 2049 2091 2134 Exscribentium
2156 2076 2506 2161 quoque
2551 2054 2986 2167 ignaviam
3022 2111 3050 2157 ,
3077 2050 3166 2139 ἃ
3211 2057 3471 2169 impe-

663 2185 949 2268 ritiam
989 2238 1020 2283 ‚
1086 2177 1550 2290 sphalmata
1602 2178 1696 2256 in
1755 2172 2213 2257 Sacrorum
2262 2172 2690 2260 Codicum
2747 2181 3076 2289 privata
3133 2208 3480 2298 apogra-

665 2308 834 2419 pha
894 2302 1338 2389 intrudere
1391 2304 1770 2412 potuisse
1802 2356 1833 2401 ,
1864 2303 2055 2409 quis
2088 2316 2399 2382 renuat
2427 2295 2476 2382 2
2529 2297 2675 2383 Ad
2703 2302 2910 2391 haec
2948 2308 3469 2394 variantium

666 2430 1210 2544 frequentiae
1256 2422 1674 2535 κακοζηλία.
1763 2425 2051 2509 locum
2126 2425 2520 2537 praebuit
2553 2483 2582 2507 .
2642 2427 3093 2541 Babylonii
3122 2427 3472 2546 Judaeo-

668 2584 869 2640 rum
924 2556 1339 2641 Doctores
1372 2610 1403 2657 ,
1437 2555 1825 2662 itemque
1859 2552 2309 2635 Palaestini
2368 2548 2639 2636 Sacris
2702 2553 3231 2672 corrigendis
3298 2555 3472 2642 Co·-

667 2677 995 2766 dicibus
1050 2684 1287 2763 inter
1351 2704 1443 2761 se
1505 2672 2184 2788 discrepantibus
2233 2733 2263 2779 ‚
2325 2674 2850 2764 insudarunt
2912 2737 2935 2762 .
3000 2681 3472 2795 Utriusque

668 2806 1000 2891 scholae
1062 2806 1397 2889 alumni
1458 2800 1814 2886 traditae
1894 2831 1946 2887 a
2013 2804 2433 2920 magistris
2508 2805 2865 2892 lectioni
2919 2811 3472 2895 tenacissime

669 2929 1232 3016 adhaeserunt
1282 2984 1315 3027 r
1394 2927 1988 3013 Nihilotamen
2046 2933 2343 3012 minus
2422 2956 2608 3013 non
2690 2935 2894 3017 tulit
2950 2932 3118 3017 Dei
3173 2932 3475 3039 Provi-

670 3055 971 3142 dentia
1005 3116 1036 3161 ,
1070 3077 1170 3142 ut
1232 3053 1626 3141 doctrina
1659 3113 1687 3159 ,
1721 3050 1806 3138 81
1868 3055 2178 3163 veritas
2226 3049 2500 3138 Sacris
2555 3058 2970 3168 inscripta
3006 3055 3473 3146 codicibus

666 3183 1068 3268 interiret
1103 3242 1126 3266 .
1193 3182 1316 3265 Eo
1378 3176 1849 3296 flagrabant
1894 3175 2192 3296 Judaei
2246 3180 2341 3260 in
2408 3180 2738 3297 Legem
2765 3241 2794 3287 ‚
2827 3181 2912 3269 &
2947 3179 3311 3267 Codices
3335 3211 3476 3269 ze·-

665 3309 753 3394 lo
787 3370 817 3414 ‚
851 3329 952 3394 ut
997 3328 1214 3395 teste
1260 3308 1626 3425 Josepho
1677 3307 1822 3391 lib.
1865 3339 1942 3393 1.
1978 3327 2264 3393 contr.
2305 3296 2634 3420 Apion.
2680 3367 2710 3414 ,
2738 3306 2827 3397 ἃ
2851 3308 3208 3395 Philone
3239 3306 3472 3423 apud

608 3538 625 3556 ⁹
663 3436 972 3523 Euseb.
1023 3437 1167 3518 lib.
1189 3454 1378 3522 Vm.
1436 3460 1624 3546 cap.
1654 3439 1738 3521 6.
1781 3492 1810 3539 ‚
1842 3439 2102 3521 morti
2135 3436 2418 3549 potius
2443 3434 2752 3544 subjici
2782 3435 3111 3523 vellent
3145 3495 3175 3541 ‚
3212 3461 3476 3547 quam

665 3562 810 3650 vel
874 3587 1159 3645 unum
1210 3560 1464 3677 Legis
1530 3564 1867 3671 apicem
1933 3558 2407 3649 adulterare
2442 3621 2466 3645 .
2529 3558 2696 3645 Sed
2746 3561 2834 3649 81
2897 3561 3106 3647 illud
3155 3559 3263 3647 ad
3324 3563 3477 3647 fir-

661 3684 1078 3786 mandam
1176 3684 1637 3774 Sacrorum
1738 3680 2167 3771 Codicum
2256 3690 2847 3801 integritatem
2930 3687 3275 3772 confert
3336 3690 3478 3775 vel

665 3816 1039 3900 maxime
1068 3868 1098 3916 ‚
1128 3806 1364 3923 quod
1419 3836 1725 3895 eorum
1775 3808 2162 3896 custodia
2225 3809 2785 3897 Pontificibus
2818 3808 3085 3894 fi1erit
3119 3809 3477 3898 deman·-
3552 3845 3572 3874 ⁰

664 3935 861 4023 data
896 3996 929 4043 ,
959 3955 1222 4051 atque
1272 3933 1385 4021 ad
1436 3964 1717 4022 annos
1780 3937 2307 4021 bismillenos
2372 3938 2469 4020 in
2528 3935 2796 4023 hocce
2860 3934 3262 4022 obeundo
3289 3964 3474 4025 mu·

662 4091 879 4149 nere
914 4118 946 4168 ,
967 4062 1118 4147 filii
1178 4061 1568 4152 Patribus
1589 4061 1923 4150 fuerint
1977 4062 2313 4148 suffecti
2350 4120 2373 4145 .
2439 4061 2820 4149 Praestat
2837 4061 3305 4178 Josephum
3336 4090 3478 4149 ex-

666 4191 1036 4276 scribere
1096 4247 1128 4294 ,
1195 4191 1350 4300 qui
1411 4190 1603 4276 loco
1664 4217 1951 4303 nuper
2006 4184 2348 4275 laudato
2419 4189 2541 4273 sic
2615 4189 2869 4275 habet
2933 4248 2957 4272 .
3041 4186 3474 4306 Judicium

668 4343 877 4406 vero
925 4319 1444 4434 integritatis
1481 4319 1647 4406 hoe
1702 4319 2181 4404 maximum
2247 4331 2379 4403 est
2408 4372 2439 4417 ‚
2475 4317 2678 4425 quia
2740 4313 3205 4402 Pontifices
3249 4311 3480 4429 apud

670 4469 834 4527 nos
891 4473 943 4529 a
998 4441 1330 4529 duobus
1384 4446 1758 4532 millibus
1822 4447 2081 4529 annis
2134 4438 2680 4527 denominati
2740 4470 2790 4525 a
2853 4458 3097 4556 patre
3161 4468 3476 4527 recen-

660 4588 978 4655 sentur
1012 4630 1033 4653 .
1095 4572 1255 4655 His
1306 4590 1598 4658 autem
1658 4631 1690 4679 ,
1747 4566 2031 4683 siquid
2095 4569 2799 4684 praevaricentur
2833 4626 2864 4672 ,
2927 4564 3479 4654 interdicitur

670 4721 791 4780 ne
854 4697 995 4784 vel
1056 4694 1167 4783 ad
1228 4697 1490 4785 altare
1545 4695 1965 4786 accedant
1993 4752 2025 4802 ‚
2089 4694 2229 4784 vel
2294 4694 2454 4779 alia
2531 4691 3216 4781 sanctificatione
3279 4692 3480 4779 fim-

671 4843 990 4937 gantur
1023 4882 1045 4905 .
1109 4822 1392 4911 Recte
1440 4822 1868 4940 siquidem
1902 4883 1933 4931 ‚
1962 4822 2248 4937 potius
2295 4837 2588 4906 autem
2640 4823 3114 4908 necessarie
3179 4879 3212 4928 ‚
3271 4845 3478 4906 cum

672 4972 968 5059 neque
1021 4950 1630 5040 conscribendi
1685 4970 2056 5067 potestas
2119 4975 2326 5036 omn
2337 4948 2529 5032 ibus
2591 4945 2788 5033 data
2847 5007 2878 5053 ,
2941 4973 3234 5058 neque
3309 4946 3481 5031 ulla

669 5074 786 5162 sit
835 5078 932 5161 in
990 5074 1568 5196 descriptione
1631 5076 2049 5172 discordia
2080 5136 2113 5166 .
2177 5074 2345 5168 Sed
2399 5070 2941 5164 solummodo
2970 5074 3415 5188 Prophetis
3441 5127 3473 5175 ‚

2421 5198 2502 5287 C
3328 5221 3487 5282 an·
