4913 6618
1442 587 1566 649 20

1433 682 1760 805 Judaeo
1784 743 1813 792 ,
1846 711 2106 804 agens
2169 677 2279 772 de
2329 681 2774 772 Vaticinio
2832 682 3090 769 Isaiae
3117 739 3150 788 ,
3181 683 3403 769 Ecce
3469 683 3740 803 Virgo
3773 685 4249 800 concipiet3

1443 830 1788 900 accusat
1843 808 2199 925 quidem
2249 808 2612 928 Judaeos
2644 869 2675 916 ,
2713 807 2944 922 quod
3000 811 3245 894 aliter
3306 815 4000 922 interpretentur
4063 838 4249 896 ver·

1444 940 1552 1023 ba
1606 937 2078 1052 Prophetae
2113 995 2144 1042 ,
2178 965 2444 1049 quam
2477 940 2686 1024 olim
2741 963 3044 1021 eorum
3077 902 3391 1021 ‘Patres
3421 995 3450 1040 ,
3479 941 3630 1047 qui
3681 932 4008 1021 Graece
4035 934 4255 1021 Scri·

1443 1083 1742 1178 pturas
1795 1060 2350 1151 reddiderant
2407 1066 2567 1148 sub
2631 1063 3128 1148 Ptolomaeo
3162 1097 3186 1145 ε
3257 1059 3405 1146 sed
3453 1063 3574 1143 ibi
3626 1063 4036 1179 intelligit
4097 1061 4252 1147 hos

1446 1192 1975 1304 Interpretes
2034 1185 2404 1276 Graecos
2440 1249 2471 1295 ,
2504 1195 2655 1304 qui
2713 1191 2955 1274 aliter
2999 1188 3492 1273 Hebraeum
3560 1186 3904 1272 fontem
3971 1183 4255 1273 reddi·

1449 1313 1764 1400 derant
1794 1373 1825 1420 ,
1860 1344 2121 1430 quam
2179 1316 2569 1433 legerant
2613 1335 2820 1401 Lxx,
2871 1317 3392 1427 Interpretes
3430 1373 3460 1417 ‚
3495 1341 3708 1425 quos
3741 1316 4254 1425 sequebatur

1437 1442 1828 1559 Justinus
1886 1443 2232 1554 Martyr
2268 1499 2290 1522 .
2357 1440 2687 1553 Tripho
2754 1445 2852 1523 in
2902 1439 3170 1523 hocce
3227 1436 3559 1554 dlalogo
3627 1459 3889 1554 negat
3956 1468 4007 1524 a
4073 1444 4253 1523 suis

1447 1586 1890 1679 corruptas
1956 1566 2431 1678 Scripturas
2470 1624 2492 1647 .
2561 1624 2626 1669 ‚‚
2689 1564 2872 1648 Etsi
2929 1591 3139 1651 vero
3200 1562 3719 1648 hodiernum
3751 1565 4254 1651 Hebraeum

1446 1692 1829 1777 Textum
1891 1694 2002 1775 ob
2052 1688 2572 1807 Judaeorum
2630 1694 3368 1801 conspirationem
3402 1749 3433 1796 ,
3468 1717 3629 1775 ceu
3662 1687 4255 1777 adulterinum

1451 1844 1638 1901 non
1690 1818 2148 1902 habeamus
2183 1875 2212 1920 ,
2244 1819 2307 1898 ii
2366 1835 2662 1899 tamen
2735 1841 2922 1897 non
2996 1842 3293 1899 sumus
3321 1873 3351 1919 ,
3384 1822 3536 1928 qui
3584 1843 3875 1902 carere
3905 1814 4255 1903 mendis

1448 1944 1962 2028 arbitremur
1997 2001 2018 2025 .
2089 1941 2192 2025 In
2241 1939 2612 2057 Vulgata
2643 1999 2670 2040 ‚
2731 1946 2877 2025 cui
2942 1939 3355 2024 standum
3424 1959 3554 2027 est
3619 1999 3649 2045 ,
3715 1941 3825 2026 de
3889 1969 4158 2030 corvo
4220 2001 4256 2047 ,

1448 2096 1719 2181 quem
1784 2070 1889 2152 ab
1953 2095 2145 2154 arca
2200 2065 2528 2152 dImisit
2583 2064 2773 2149 Noe
2825 2066 3139 2182 legitur
3195 2064 3515 2152 Genes.
3571 2093 3757 2178 cap.
3795 2088 3985 2156 Vm.
4048 2099 4134 2155 v.
4166 2070 4253 2152 6.

1446 2193 1536 2282 ἃ
1601 2228 1683 2310 7.
1741 2195 2096 2279 Dimisit
2159 2223 2512 2277 corvum
2553 2251 2581 2294 ,
2606 2192 2758 2302 qui
2813 2193 3409 2309 egrediebatur
3466 2252 3496 2296 ‚
3563 2190 3668 2281 ὃς
3730 2223 3908 2277 non
3973 2219 4261 2278 rever-

1448 2321 1795 2404 rebatur
1823 2377 1845 2402 .
1913 2320 2012 2402 In
2080 2318 2481 2405 Hebraeo
2531 2317 2819 2402 Textu
2870 2322 3309 2404 contrario
3376 2317 3632 2430 plane
3685 2344 3943 2403 sensu
4006 2319 4256 2404 habe⁶

1447 2465 1593 2533 tur
1646 2449 1811 2546 ΜΨ]
1853 2450 1999 2557 &fvj
2033 2460 2189 2548 ⁸333]
2256 2446 2377 2527 Et
2437 2472 2747 2530 cor-vus
2803 2445 3024 2527 exiit
3083 2444 3595 2564 egrediendo
3634 2502 3664 2547 ,
3696 2463 3962 2556 atque
4017 2443 4258 2527 recle-
4295 2432 4300 2439 ’

1448 2596 1684 2683 undo
1725 2657 1746 2681 .
1815 2597 1957 2684 Sic
2007 2599 2264 2683 Isaiae
2320 2628 2510 2714 cap.
2550 2620 2668 2686 IX.
2723 2633 2809 2689 v.
2849 2603 2933 2685 6.
2975 2656 3005 2702 ,
3034 2600 3187 2683 ubi
3247 2604 3346 2681 in
3416 2595 3780 2714 Vulgata
3834 2602 4261 2708 scriptum

1449 2741 1581 2808 est
1618 2754 1642 2806 ε
1678 2725 1800 2808 Et
1831 2727 2281 2810 vocabitur
2311 2757 2621 2810 nomen
2653 2729 2841 2841 ejus
2871 2783 2902 2829 ,
2935 2725 3305 2810 Hebraei
3336 2724 3645 2843 legunt
3698 2732 3910 2836 8223!
3971 2723 4091 2806 Et
4118 2750 4255 2807 vo-

1447 2872 1681 2958 cabit
1707 2932 1737 2978 ,
1772 2900 2046 2985 quum
2109 2872 2575 2991 legendum
2609 2881 2721 2960 sit
2750 2878 3086 2988 passiva
3117 2872 3747 2990 significatione
3806 2873 3988 2958 Kal
4011 2929 4044 2977 ,
4109 2898 4265 2957 seu

1446 3030 1545 3111 in
1615 3026 1956 3141 Niphal
2007 3040 2209 3141 ⁸723}
2264 3031 2385 3114 Et
2468 3030 2919 3116 vocabitur
2979 3088 3002 3110 .
3065 3031 3190 3116 Ita
3248 3035 3574 3144 quippe
3635 3029 3941 3144 legunt
3989 3041 4194 3107 LXX.
4225 3079 4260 3130 ‚
4303 3061 4331 3076 ··

1445 3170 1764 3286 Aquila
1796 3233 1829 3280 ,
1861 3175 2463 3291 Symmachus,
2495 3177 2583 3266 81
2613 3186 2894 3266 versio
2915 3179 3335 3268 Chaldaea
3371 3211 3395 3264 ε
3436 3178 3732 3266 Plures
3763 3237 3796 3284 ,
3825 3174 4206 3262 fatemur
4225 3233 4260 3282 ,

1445 3298 1938 3411 hujusmodi
1996 3308 2425 3393 variantes
2480 3309 2580 3389 in
2642 3305 2939 3394 Bibliis
3004 3312 3571 3398 observantur
3602 3366 3632 3412 ,
3665 3333 3887 3419 quae
3949 3323 4257 3390 tamen

1449 3456 1729 3540 quum
1764 3456 1812 3512 a
1843 3435 2082 3516 vario
2128 3435 2791 3543 punctuationis
2837 3463 3001 3522 usu
3028 3497 3059 3544 ,
3093 3456 3198 3522 ut
3226 3438 3701 3548 plurimum
3734 3445 4197 3548 exsurgant
4222 3484 4258 3533 ,

1448 3570 2073 3668 proptereaque
2124 3557 2450 3644 Textus
2501 3565 2859 3673 puritati
2930 3590 3117 3647 non
3177 3560 3580 3647 officiant
3608 3619 3639 3666 ,
3675 3557 3867 3669 jure
3920 3559 4259 3671 optimo

1448 3678 1818 3765 Hebraei
1858 3678 2130 3768 fontis
2181 3687 2778 3802 integritatem
2811 3745 2844 3795 ,
2877 3693 2973 3772 in
3038 3690 3288 3773 rebus
3345 3684 3546 3771 fidei
3604 3743 3635 3790 ,
3693 3709 3793 3770 ac
3846 3708 4190 3773 morum
4224 3739 4259 3788 ,

1447 3808 1702 3890 nobis
1765 3801 2169 3895 videmur
2232 3807 2683 3898 vindicare
2751 3870 2775 3892 .
2868 3812 3211 3930 Ergone
3295 3813 3791 3897 Hebraeum
3867 3812 4255 3898 Textum

1445 3947 1872 4044 tanquam
1922 3935 2530 4018 authenticum
2586 3960 3114 4023 veneramur
3136 3947 3178 4023 ἓ
3208 3936 3306 4022 Id
3361 3966 3569 4024 saue
3633 3937 3973 4056 Religio
4005 3939 4259 4024 nobis

1449 4074 1583 4141 est
1645 4111 1678 4160 ,
1745 4060 1818 4139 si
1876 4051 1987 4139 de
2039 4057 2327 4144 Textu
2376 4062 2905 4179 primigenio
2957 4062 3061 4151 lis
3109 4062 3622 4151 intendatur
3652 4121 3676 4146 .
3740 4063 4261 4186 Apographa

1448 4209 1802 4295 quoque
1860 4178 2278 4268 hodierna
2343 4212 2625 4298 aequo
2678 4189 3086 4277 habemus
3138 4197 3237 4278 in
3274 4198 3562 4305 pretio
3595 4251 3624 4298 ,
3658 4197 3985 4307 quippe
4019 4188 4258 4307 quod

1447 4334 1615 4393 nos
1662 4306 1966 4393 doceat
2027 4307 2111 4393 S.
2144 4308 2236 4393 P.
2273 4309 2822 4431 Augustinus
2867 4318 3014 4402 lib.
3053 4336 3202 4409 XV.
3270 4315 3381 4401 de
3439 4318 3709 4406 Civit.
3770 4320 3942 4405 Dei
3972 4347 4268 4437 c013.‚

1449 4432 1687 4520 Cum
1739 4433 2063 4547 aliquid
2103 4432 2545 4525 diversum
2588 4444 2684 4524 in
2752 4447 3172 4558 utrisque,
3208 4441 3679 4531 Codicibus
3744 4450 4265 4552 invenitur,

1449 4588 1685 4678 quan
1695 4558 2161 4673 doquidem
2221 4562 2331 4648 ad
2390 4563 2655 4651 fidem
2704 4597 3001 4656 rerum
3058 4588 3491 4691 gestarum
3555 4591 4027 4686 utrumque
4077 4598 4261 4657 esse

1446 4714 1640 4777 non
1700 4705 1985 4799 potest
2039 4715 2350 4777 verum
2383 4751 2415 4799 ‚
2452 4697 2534 4775 ei
2564 4691 2913 4812 linguae
2971 4702 3258 4812 potius
3308 4695 3705 4786 credatur
3738 4759 3770 4806 ‚
3825 4692 4065 4783 unde
4135 4714 4269 4790 est

1448 4819 1547 4899 in
1616 4812 1871 4899 aliam
1916 4841 2075 4929 per
2126 4818 2652 4931 Interpretes
2693 4820 2921 4909 facta
2968 4826 3415 4911 translatio
3437 4884 3459 4909 .
3503 4882 3570 4932 „
3614 4825 4027 4910 Similiter
4051 4826 4261 4910 Hie·-

1448 4966 1883 5053 ronymus
1938 4946 2036 5027 in
2097 4944 2468 5058 Epistola
2526 4964 2840 5037 xxvm.
2900 4946 3008 5034 ad
3061 4952 3543 5039 Lucinium
3570 5013 3599 5058 ,
3650 4973 3846 5038 tum
3906 4977 4259 5067 quoque

1450 5071 1554 5154 in
1608 5065 1772 5185 Ep.
1831 5062 1938 5155 ad
1964 5066 2415 5162 sunniam
2445 5130 2481 5186 ,
2511 5072 2602 5165 ἃ
2654 5073 3111 5170 Freteuam
3142 5081 3499 5204 inquit:
3549 5078 3794 5170 Sicut
3850 5086 3947 5168 in
4007 5077 4261 5166 Novo

3777 5243 3786 5248 -
4073 5203 4260 5293 Te·
