4913 6618
657 662 1062 783 Temperi
1121 657 1643 750 servientes?
1702 655 1854 745 ubi
1910 648 2279 808 Vulgata
2331 654 2603 776 legit.
2675 656 3052 747 Domino
3082 565 3467 751 ser-vie&

650 816 848 883 tes·
912 786 1133 906 Κυρίῳ
1190 762 1659 886 Αέῖλουόντις·
1719 802 1983 900 atque
2044 787 2165 873 ita
2217 787 2593 902 legunt,
2654 801 2875 874 teste
2931 787 3457 879 Hermanno

650 915 1268 1037 Goldhagenio
1274 970 1306 1020 ‚
1364 912 2018 1027 complutensis
2043 970 2074 1018 ‚
2133 908 2837 1017 Alexandrimxs,
2870 911 3458 1026 Viennensis,

647 1046 981 1133 Petavii
1036 1044 1472 1131 Senatoris
1534 1039 2027 1126 Parisiensis
2079 1041 2218 1146 1.,
2275 1037 2363 1127 81
2428 1038 3088 1127 cantuariensis
3116 1044 3253 1127 111.
3291 1071 3461 1149 ‚ac

645 1172 1037 1288 plerIque
1098 1170 1240 1256 alii
1301 1162 1753 1254 Codices.
1841 1098 2218 1279 Optime
2257 1164 2632 1278 proinde
2689 1166 3288 1282 Hieronymus
3359 1174 3460 1261 in

646 1299 1027 1412 Epistola
1060 1353 1095 1404 ‚
1155 1290 1419 1385 modo
1455 1311 1671 1383 xxv.
1713 1347 1747 1399 ‚
1802 1287 1914 1378 ad
1941 1290 2449 1380 Marcellam
2474 1295 2868 1405 scripsit.
2936 1292 3065 1377 Illi
3099 1294 3454 1413 legant.

650 1425 1075 1540 Tempori
1114 1425 1647 1510 servientes:
1708 1419 1893 1504 Nos
1977 1418 2426 1535 legamus·
2494 1420 2871 1505 Domino
2927 1424 3458 1509 servientes.

651 1551 1161 1669 colligimus
1216 1573 1468 1633 nunc
1530 1572 1637 1629 ex
1696 1549 2147 1631 recensitis
2204 1548 2638 1631 Graecum
2703 1542 3084 1631 Textum
3135 1544 3462 1632 hodier-

650 1703 882 1764 num
913 1735 946 1783 ,
1007 1702 1177 1764 ceu
1235 1672 1838 1759 authenticum
1890 1697 2079 1755 non
2136 1696 2319 1757 esse
2381 1666 2882 1756 habendum
2947 1728 2980 1775 ,
3043 1685 3304 1784 atque
3359 1677 3457 1758 in

650 1801 881 1890 hanc
922 1805 1457 1889 sententiam
1520 1823 1628 1883 eo
1659 1798 1973 1911 potiori
2038 1800 2407 1883 nomine
2473 1790 3075 1883 descendimus
3127 1855 3159 1905 ‚
3223 1793 3463 1911 quod

650 1932 751 2013 111
804 1929 1194 2042 plurimis
1253 1921 1602 2012 Graecis
1656 1918 2120 2010 Codicibus
2154 1982 2186 2029 ‚
2247 1919 2541 2009 desint
2628 1924 3089 2039 integrales
3158 1924 3466 2010 Sacrae

646 2052 1141 2169 Scripturae
1183 2068 1467 2165 partes
1524 2107 1557 2157 ‚
1619 2077 1829 2160 quas
1890 2048 2493 2135 Oecumenica
2560 2049 2956 2135 Concilia
3016 2052 3463 2139 authenti-

648 2203 793 2270 cas
838 2176 1413 2266 declararunt·
1440 2232 1466 2258 .
1558 2174 1974 2288 Exemplo
2033 2177 2147 2259 sit
2197 2172 2548 2260 historia
2593 2175 2972 2260 mulieris
3029 2174 3463 2269 adulterae

648 2301 885 2418 apud
929 2304 1421 2421 Johannem
1451 2319 1831 2411 cap.v111.
1862 2332 1893 2404 ς
1925 2297 2567 2412 Πολῦγλωτωτρ..
2596 2300 2738 2385 ille
2765 2358 2794 2403 ,
2822 2301 3070 2410 cujus
3106 2360 3137 2408 ,
3174 2303 3222 2416 (
3259 2330 3465 2417 pau·

651 2433 778 2516 cis
837 2431 943 2514 ab
1001 2427 1211 2513 hinc
1267 2424 1708 2511 mensibus
1742 2483 1774 2530 ‚
1834 2426 2471 2540 irreparabilem
2525 2427 2944 2535 jacturam
2967 2485 2999 2532 ,
3061 2454 3465 2515 moeren-

650 2573 783 2641 tes
829 2550 1102 2640 adhuc
1154 2548 1883 2669 reminiscimur)
1944 2556 2043 2636 F.
2076 2550 2620 2668 Augustinus
2679 2549 3131 2639 Antonius
3197 2553 3466 2640 Geor-

653 2687 743 2797 gi
779 2738 811 2784 ,
873 2682 1200 2791 quique
1260 2676 1701 2761 historiam
1750 2678 1989 2763 illam
2044 2675 2623 2766 eruditissime
2649 2735 2680 2780 ‚
2742 2695 2999 2790 atque
3029 2682 3468 2767 uberrime

652 2801 1128 2895 Canonicis
1190 2803 1423 2887 libris
1475 2799 1955 2890 vindicavit
1988 2861 2020 2908 ‚
2082 2807 2454 2889 minime
2499 2798 2920 2889 diffitetur
2951 2811 3044 2889 in
3076 2806 3471 2920 plurimis

654 2930 1008 3020 Graecis
1070 2925 1533 3016 Codicibus
1599 2920 2059 3014 desiderari
2125 2988 2158 3034 ‚
2254 2935 2721 3044 asseritque
2808 2934 2906 3013 in
2967 2932 3153 3018 aliis
3197 2991 3229 3038 ‚
3318 2949 3474 3020 aut

655 3059 927 3143 obelis
988 3053 1336 3172 tranfigi
1367 3110 1417 3159 ,·
1460 3071 1612 3137 aut
1654 3057 2073 3151 asteriscis
2123 3061 2622 3167 praenotari
2683 3114 2715 3161 ‚
2777 3073 2927 3139 aut
2983 3051 3091 3139 ad
3139 3057 3471 3145 calcem

657 3182 1104 3299 Evangelii
1157 3178 1654 3265 transferri:
1725 3179 1868 3268 Sic
1934 3185 2183 3265 enim
2245 3186 2386 3268 vir
2432 3208 2823 3268 summus
2855 3187 2953 3264 in
2990 3181 3471 3300 Fragmen-

656 3325 755 3395 to
808 3307 1256 3425 Evangelii
1291 3305 1377 3391 S.
1405 3306 1708 3424 Johan.
1745 3305 2327 3395 exVeliterno
2358 3307 2674 3395 Museo
2700 3306 3132 3426 Borgiano
3155 3339 3469 3427 p.193.

658 3436 1010 3522 scribit:
1079 3431 1538 3517 Omittunt
1596 3434 2133 3522 celeberrimi
2193 3432 2772 3521 Alexandrini
2817 3429 3094 3522 Codd.
3142 3435 3477 3521 Vatica-

659 3587 835 3648 nus
867 3616 900 3664 ,
961 3556 1051 3646 8<
1096 3556 1753 3662 Londinensis,
1726 3589 1751 3610 ·
1815 3559 2128 3646 Urbin.
2179 3556 2463 3647 Vatic.
2489 3590 2578 3647 2.
2610 3616 2644 3665 ‚
2701 3566 3093 3672 itemque
3141 3556 3475 3654 Vatica-

658 3690 763 3770 ni
818 3684 960 3769 alii
1026 3686 1242 3799 360.
1270 3742 1302 3790 9
1343 3686 1555 3802 364.
1533 3739 1610 3788 .‚
1676 3711 1888 3800 759.
1921 3742 1953 3791 ,
2034 3711 2307 3800 1229.
2344 3743 2375 3790 ,
2437 3683 3157 3772 Palatino-Vatic.
3194 3715 3412 3772 220.
3443 3746 3478 3794 ,

657 3812 1103 3896 Barberin.
1134 3837 1184 3894 2
1209 3840 1244 3892 1
1272 3840 1349 3896 1.
1390 3868 1421 3917 ‚
1452 3807 1988 3895 Vallicellan.
2022 3812 2124 3899 Β.
2178 3842 2389 3927 133.
2425 3867 2461 3918 ,
2520 3810 3216 3927 Evangeliarium
3245 3813 3482 3898 Emi·
3569 3846 3578 3856 ·

658 3939 1032 4021 nentiss.
1084 3931 1340 4020 Card.
1397 3932 1503 4018 de
1543 3933 1911 4041 Zelada,
1969 3936 2297 4055 Regius
2372 3963 2708 4048 19050,
2767 3935 2855 4021 81
2917 3936 3202 4023 2861.
3237 3994 3271 4042 ,
3322 3946 3479 4049 qui

656 4062 1021 4149 scilicet
1039 4079 1169 4146 est
1220 4080 1584 4145 octavus
1633 3995 2002 4146 Robe'rti
2062 4062 2475 4175 Stephani
2532 4092 2563 4167 3
2635 4059 2683 4175 (
2734 4060 2931 4150 Hoc
2986 4065 3234 4149 enim
3289 4090 3479 4174 spa·

493 4225 499 4231 ·
659 4191 885 4305 tium
948 4212 1323 4275 vacuum
1365 4243 1396 4292 ‚
1457 4187 1607 4271 ubi
1660 4186 2009 4272 historia
2077 4208 2369 4274 nostra
2431 4185 2885 4273 scribenda
2967 4204 3148 4273 erat
3212 4189 3478 4274 relin-

660 4319 857 4428 quit
918 4306 962 4431 )
1015 4309 1207 4400 cod.
1268 4308 1585 4398 Venet.
1642 4310 1743 4397 B.
1793 4311 1882 4396 S.
1945 4313 2229 4401 Marci
2260 4312 3237 4431 continens-Evangelia
3270 4340 3480 4404 cum

661 4458 975 4526 catena
1023 4439 1180 4526 PP.
1208 4496 1240 4542 ,
1303 4437 1516 4525 alter
1558 4435 1885 4524 Venet.
1944 4439 2061 4524 R.
2090 4439 2192 4524 P.
2242 4438 2682 4525 Canonici
2735 4464 2954 4523 saec.
2996 4457 3116 4523 lx.
3151 4438 3289 4526 vel
3321 4457 3407 4523 x.
3447 4501 3481 4549 ‚

662 4564 1158 4654 Lectionar.
1215 4559 1522 4653 Graec.
1573 4565 2145 4651 Laurentian.
2206 4565 2423 4650 Bibl.
2493 4567 2772 4654 aureis
2831 4564 3138 4649 litteris
3198 4592 3483 4652 exara-

665 4708 862 4777 tum
893 4749 925 4798 ,
985 4691 1410 4805 Neapolit.
1468 4692 1806 4777 Bibliot.
1855 4689 2324 4810 Augustin.
2385 4689 2472 4774 S.
2499 4690 2803 4807 Johan.
2877 4684 2986 4775 ad
3041 4690 3481 4782 Carbona-

663 4819 886 4902 riam
949 4877 983 4927 ,
1069 4843 1598 4936 quamquam
1669 4812 1780 4902 ad
1858 4824 2348 4936 marginem
2402 4815 2872 4904 recentiori
2928 4816 3415 4904 charactere
3450 4877 3485 4928 ‚

2519 4980 2587 5028 π·
2916 4976 2982 5024 π·
3107 4944 3321 5025 &aa

668 5065 984 5157 saeculi
1015 5094 1343 5186 nempe
1368 5087 1522 5155 xn.
1557 5126 1593 5183 ,
1625 5062 2140 5163 adnotatum
2159 5069 2467 5157 habeat
2485 5066 2656 5184 λυ(
2689 5096 2852 5186 pro
2886 5086 2991 5151 aa
3025 5062 3076 5187 )
3108 5101 3163 5148 ω
3197 5093 3287 5168 φυ
3315 5068 3487 5149 rod'ae

2289 5195 2382 5280 Η
2420 5218 2476 5281 2
3237 5220 3479 5278 man-
