4913 6618
1444 700 1565 787 66

1440 825 1838 914 culenter
1895 826 2301 938 exprimit
2362 820 2732 943 Vulgata
2792 822 3063 912 hocce
3126 814 3388 908 modo
3424 852 3450 906 ε
3515 819 3621 908 In
3652 820 4052 907 manibus
4078 818 4262 909 tuis

1442 970 1715 1036 sortes
1769 979 2011 1035 meae
2046 1010 2069 1034 .
2137 949 2583 1037 Praeterea
2619 1008 2650 1054 ‚
2709 950 2941 1035 bene
2995 950 3250 1036 habet
3303 948 3660 1064 Mezger
3681 1004 3711 1046 ,
3775 945 3979 1034 edit.
4034 947 4260 1034 Lau·-

1441 1074 1686 1161 datae
1726 1106 1916 1196 pag.
1949 1095 2167 1166 XVII.
2229 1081 2443 1193 Quis
2490 1078 3013 1162 Latinorum
3079 1072 3598 1161 divinaverit
3661 1098 3820 1186 per
3888 1073 4258 1164 verbum

1442 1205 1801 1288 mentiri
1867 1226 2027 1293 vn:
2094 1203 2311 1289 Psal.
2342 1222 2559 1295 xvn.
2606 1233 2693 1289 v.
2735 1205 2886 1310 46.
2933 1199 3393 1319 significari
3438 1203 4014 1289 servitutem?
4047 1203 4251 1313 quia

1443 1334 1870 1414 nimirum
1922 1333 2211 1435 servi,
2272 1331 2414 1417 vel
2474 1345 2576 1413 ut
2622 1329 3022 1439 placeant
3083 1326 3306 1412 heris
3359 1385 3390 1431 ‚
3451 1327 3592 1415 vel
3659 1344 3759 1414 ut
3823 1353 3917 1413 se
3978 1352 4254 1413 excu-

1441 1474 1697 1559 sent,
1760 1458 2119 1541 mentiri
2175 1457 2460 1541 solent
2500 1509 2523 1533 .
2585 1451 2923 1538 Psalmo
2975 1470 3271 1538 tamen
3333 1469 3632 1539 Lxxxl.
3693 1483 3782 1540 v.
3834 1454 3976 1538 16.
4064 1479 4258 1565 pro-

1440 1579 1793 1663 babilius
1845 1601 1978 1666 est
2032 1584 2307 1694 accipi
2364 1575 2677 1667 debere
2723 1604 2990 1665 sensu
3050 1581 3401 1691 proprio
3435 1609 3460 1661 ε
3529 1579 3866 1664 Inimici
3896 1579 4253 1664 Domini

1437 1706 1779 1791 mentiti
1836 1726 2046 1793 sunt
2092 1707 2175 1791 ei
2207 1762 2241 1812 ‚

2097 1854 2239 1996 '0⁸⁷
2294 1870 2689 2000 wflffl
2762 1876 3039 2000 fflfl‘
3114 1872 3549 1998 ’mvn

1436 2052 1563 2141 Ex
1623 2053 1796 2138 sola
1844 2052 2275 2136 latinitate
2339 2055 2735 2173 dignosci
2792 2063 3103 2169 nequit
3140 2116 3170 2161 ‚
3231 2085 3344 2139 an
3415 2057 3703 2142 activo
3755 2076 4022 2140 sensu
4052 2114 4086 2162 ,
4134 2081 4251 2144 an

1436 2183 1772 2294 passivo
1830 2173 2165 2261 dictum
2223 2181 2334 2261 sit
2370 2210 2396 2260 z
2465 2182 2767 2275 vincas
2798 2209 2994 2265 cum
3043 2184 3470 2296 judicaris
3507 2239 3530 2263 .
3576 2179 3912 2266 Psalmo
3947 2202 4028 2265 L.
4065 2184 4252 2270 v.6.

1434 2304 1744 2417 Neque
1812 2303 2023 2385 Psal.
2052 2321 2230 2385 ΗΧ.
2291 2334 2380 2390 v.
2435 2333 2577 2389 12.
2622 2362 2652 2410 ‚
2705 2334 2819 2390 an
2879 2311 2974 2391 in
3034 2307 3317 2394 verbis
3357 2338 3381 2389 z
3436 2308 3899 2418 nequando
3954 2308 4251 2393 oblivi-

1434 2449 1794 2517 scantur
1841 2430 2149 2540 popnli
2201 2430 2371 2512 mei
2406 2463 2430 2515 ε
2501 2459 2993 2544 pronomen
3052 2432 3316 2518 hocce
3351 2491 3382 2537 ,
3443 2431 3894 2543 personale
3930 2437 4040 2516 sit
4067 2490 4097 2535 ‚
4126 2461 4242 2520 an

1435 2559 2072 2671 possessivum3
2138 2582 2289 2638 seu
2355 2585 2467 2640 an
2529 2563 2662 2640 sui
2727 2560 3259 2645 oblivionem
3294 2617 3324 2664 ,
3387 2585 3500 2642 an
3558 2557 3763 2677 legIs
3790 2614 3824 2660 ,
3856 2583 3953 2642 ac
4008 2558 4256 2669 justi-

1434 2686 1604 2767 tiae
1672 2677 1950 2765 David
2015 2699 2351 2765 recuset
2422 2740 2443 2763 .
2545 2683 2855 2795 Neque
2931 2683 3145 2767 Psal.
3186 2700 3396 2764 XLII.
3506 2713 3596 2766 v.
3635 2711 3722 2765 2.
3816 2709 4253 2795 quaenam

1434 2808 1951 2920 exemplaria
2007 2809 2187 2889 sint
2243 2806 2685 2919 sequenda
2744 2869 2774 2913 ‚
2838 2810 3095 2894 illane
3194 2836 3413 2921 quae
3494 2806 3819 2894 habent
3881 2809 4264 2895 DEUM

1412 2935 1739 3036 sortem
1807 2936 2103 3017 vivum
2135 2991 2164 3036 ,
2209 2960 2320 3017 an
2382 2963 2604 3046 quae
2662 2937 3388 3038 DEUMfontem
3431 2934 3732 3021 vivum
3769 2993 3802 3038 ‚
3865 2961 4245 3046 praeser-

1430 3064 1598 3147 tim
1654 3085 1861 3144 cum
1903 3082 2212 3143 cervus
2274 3056 2567 3143 fontes
2599 3090 3015 3172 aquarum
3049 3055 3500 3176 praecedat
3533 3118 3568 3164 5
3628 3086 3924 3173 neque
3960 3057 4253 3151 desint

1430 3182 1950 3298 interpretes
2004 3183 2399 3269 fabellam
2461 3214 2622 3298 pro
2682 3189 3030 3273 historia
3073 3203 3525 3273 narrantes
3560 3243 3591 3289 ‚
3652 3211 4012 3273 cervum
4049 3244 4076 3285 ‚
4104 3182 4247 3275 de-

1430 3332 1735 3404 vorato
1789 3329 2196 3423 serpente
2231 3369 2260 3416 ‚
2325 3312 2692 3399 mirifice
2739 3319 3067 3419 sitire„
3118 3371 3142 3398 .
3193 3314 3644 3398 Hactenus
3685 3309 4069 3398 eruditus
4092 3340 4251 3398 no-

1429 3460 1606 3526 ster
1675 3437 2111 3524 confrater
2140 3497 2169 3541 ‚
2233 3464 2338 3520 ex
2393 3466 2573 3549 quo
2628 3444 2948 3552 pariter
3005 3436 3519 3526 adnotamus
3555 3498 3586 3544 ‚
3648 3467 3832 3525 non
3906 3466 4250 3553 semper

1428 3573 1957 3680 interpretes
2016 3567 2250 3648 inter
2314 3590 2405 3646 se
2465 3562 2950 3679 discrepare
2978 3624 3012 3673 ,
3076 3592 3286 3651 cum
3353 3565 3768 3652 vocabulo
3812 3568 4251 3677 cuipiam,

1429 3696 1565 3780 vel
1623 3692 2114 3779 sententiae
2169 3692 2664 3806 appingunt
2717 3695 2814 3776 in
2872 3695 3250 3807 speciem
3311 3687 3683 3777 diversas
3716 3691 4253 3811 significatio·

1426 3847 1591 3907 nes
1653 3879 1675 3902 .
1775 3817 2130 3931 Insigne
2220 3815 2479 3924 hujus
2560 3821 3163 3902 testimonium
3250 3834 3378 3900 est
3441 3818 3678 3901 locus
3745 3820 4247 3903 notissimus

1423 3946 1638 4036 Psal.
1680 3964 1772 4026 11.
1829 3950 1939 4037 ¹¹³?
1978 3950 2161 4053 *⁶³²3ss
2229 3943 2847 4051 apprehendite
2892 3941 3436 4055 disciplinam
3473 4000 3504 4047 ‚
3566 3947 3802 4029 inter
3827 3934 4251 4030 Doctores

1429 4095 1967 4196 HebraicoS‚
2029 4108 2540 4201 nostrosque
2594 4096 2851 4177 toties
2894 4093 3069 4203 jam
3123 4120 3451 4238 magno
3509 4089 3792 4177 studio
3834 4096 4246 4210 agitatus·

1425 4218 1844 4306 Heln-nice
1900 4222 2087 4336 sign
2098 4214 2384 4302 ificat·
2453 4211 2968 4306 osculamini
3001 4213 3361 4327 filium
3428 4209 3883 4306 chaldaice
3940 4221 4245 4333 recipi-

1427 4364 1517 4429 te
1563 4344 2041 4428 doctrinam
2109 4401 2135 4427 .
2231 4343 2341 4425 D.
2394 4343 2993 4457 Hieronymus
3057 4345 3416 4431 ve'rtit.
3459 4347 3882 4434 adorate
3942 4374 4241 4457 pure.

1424 4468 1984 4585 Septuaginta
2044 4529 2075 4575 ‚
2163 4465 2250 4553 8<
2338 4469 2437 4552 B.
2508 4457 2948 4556 Lucianus
3007 4472 3466 4554 nobiscum
3534 4501 3557 4552 ε
3624 4472 4245 4584 apprehendite

1420 4595 1966 4708 ‹liscipIinam
2005 4656 2026 4679 .
2087 4593 2566 4681 Universae
2623 4595 2874 4704 hujus
2929 4593 3439 4683 diversitatis
3507 4622 3803 4683 caussa
3832 4592 4058 4684 haud
4085 4599 4244 4685 alia

1424 4741 1558 4806 est
1608 4770 1638 4824 9
1704 4748 1969 4832 quam
2020 4720 2542 4807 vocabulum
2607 4747 2710 4808 aa
2765 4717 3000 4830 quod
3060 4719 3487 4837 significat
3537 4721 3807 4809 filium
3876 4781 3907 4827 ‚
3978 4752 4248 4812 mun-

1425 4845 1732 4932 ditiam
1767 4903 1796 4948 ‚
1861 4846 2044 4928 sive
2101 4873 2410 4957 puram
2475 4845 3069 4962 integritatem
3108 4901 3138 4949 ‚
3192 4849 3586 4933 osculum
3638 4854 4177 4936 reverentiae
4206 4909 4241 4961 2

1422 4968 1662 5085 quod
1710 4970 2122 5054 Hebraeis
2182 4969 2414 5054 idem
2472 4989 2599 5054 est
2631 5030 2660 5074 ,
2726 4995 2823 5056 ac
2860 4975 3213 5087 signum
3246 4969 3768 5060 adorationis
3795 5036 3825 5081 ‚
3858 4973 3946 5063 ἃ
3976 4983 4243 5066 etiam

1425 5098 1609 5187 aliis
1641 5097 2037 5214 gentibus
2098 5125 2283 5180 non
2354 5099 2757 5212 ignotum
2826 5158 2850 5182 .
2919 5098 3155 5184 Cum
3249 5107 3453 5217 ergo
3503 5101 3936 5187 Psalmum
3999 5102 4241 5192 hunc

1426 5250 1735 5315 omnes
1799 5242 1993 5313 tum
2052 5223 2429 5318 Hebraei
2492 5280 2532 5336 ‚
2591 5243 2789 5322 tum
2850 5219 3322 5316 Christiani
3386 5223 3494 5317 de
3543 5225 3862 5319 Messia
3915 5229 4238 5317 intelli·

4015 5372 4238 5478 gant
