4913 6618
1451 516 1568 600 16

1440 637 1594 724 bet
1663 633 2187 723 subscrffiere
2224 694 2248 721 .
2310 627 2690 724 Talmud
2753 627 2984 721 aliud
3070 648 3202 723 est
3281 628 4174 755 Hierosolymitanum
4215 692 4252 749 ‚

1441 764 1811 851 alterum
1863 764 2496 878 Babylonicum
2554 829 2577 851 .
2640 765 3028 850 Primum
3108 768 3809 852 consarcinatum
3880 768 4254 858 credunt

1441 891 1863 976 nonnulli
1922 894 2179 975 tertio
2233 889 2656 976 Ecclesiae
2703 890 3040 977 saeculo
3106 896 3199 976 in
3269 891 3915 1008 Hierosolymae
3997 892 4256 978 rude-

1441 1019 1739 1102 ribus:
1783 1015 1924 1099 alii
1974 1017 2201 1100 hanc
2268 1021 2882 1128 antiquitatem
2943 1018 3136 1103 loco
3198 1018 3516 1102 habent
3547 1019 3943 1137 figmenti
3982 1080 4005 1103 .
4077 1020 4253 1103 Tal-

1442 1140 1660 1231 mud
1723 1137 1952 1225 aliud
2014 1146 2107 1227 in
2177 1142 2617 1257 Babylone
2681 1141 3064 1260 Aegypti
3128 1202 3159 1248 ‚
3230 1172 3474 1230 nunc
3540 1147 3794 1232 Cairo
3832 1205 3863 1248 ‚
3921 1145 4257 1232 editum

1441 1265 1826 1354 creditur
1882 1296 1931 1350 a
1997 1266 2232 1353 Sixto
2290 1267 2661 1355 Senensi
2757 1272 2901 1353 lib.
2973 1290 3067 1353 11.
3162 1270 3558 1356 Biblioth.
3636 1292 3912 1359 sanct.
3989 1297 4254 1384 opera

1443 1393 2043 1479 Rabbinorum
2096 1398 2363 1499 Arse,
2397 1398 2804 1480 Hammai
2835 1393 2985 1499 ,ἅ
3046 1395 3272 1478 Mair
3322 1397 3540 1481 Arse
3596 1398 3800 1499 filii,
3832 1426 4040 1483 cum
4070 1401 4254 1508 jam

1442 1521 1881 1605 saeculum
1949 1520 2373 1606 Ecclesiae
2437 1526 2854 1633 quintum
2936 1542 3592 1607 consenesceret
3651 1581 3675 1603 .
3774 1523 4057 1608 Multa
4102 1520 4251 1635 Ju-

1445 1640 1857 1730 daeorum
1922 1648 2369 1735 volumina
2454 1644 2960 1731 Talmudica
3042 1650 3352 1735 isthaec
3441 1647 3704 1733 editio
3764 1649 4250 1762 complecti·

1443 1789 1592 1859 tur
1627 1830 1655 1875 ‚
1688 1787 1948 1881 atque
2019 1775 2463 1884 impietate
2516 1800 3204 1886 quaquaversum
3269 1794 3534 1859 scatet
3602 1771 3813 1860 adeo
3849 1834 3879 1878 ‚
3911 1794 4009 1857 ut
4061 1799 4248 1857 non

1445 1895 1712 1986 modo
1777 1896 2231 1985 Romanae
2264 1959 2294 2005 ,
2340 1902 2425 1989 81
2481 1900 3020 2013 Apostolicae
3086 1900 3509 1983 Ecclesiae
3587 1928 4038 2009 nunquam
4096 1897 4253 1983 de-

1445 2029 1713 2109 situra
1766 2024 2339 2111 sollicitudine
2372 2086 2402 2128 ‚
2434 2025 2521 2111 ἃ
2577 2031 3078 2111 auctoritate
3114 2085 3141 2127 ,
3176 2029 3600 2113 universis
3663 2024 4251 2109 christifideli-
4363 2024 4372 2029 ”

1446 2150 1606 2235 bus
1661 2153 1849 2262 ejus
1906 2152 2163 2236 lectio
2206 2154 2467 2237 fuerit
2515 2158 2777 2237 vetita
2809 2213 2839 2255 ‚
2896 2149 3044 2234 sed
3100 2157 3416 2237 summi
3486 2180 3834 2262 quoque
3891 2181 3943 2236 e
3993 2178 4252 2267 grege

1446 2277 1863 2362 catholico
1914 2278 2444 2391 Imperantes
2484 2277 2873 2394 ‚Judaeis
2935 2283 3132 2390 ipsis
3203 2306 3502 2364 eorum
3558 2278 3926 2361 ditiones
3995 2283 4250 2360 inco-

1447 2400 2145 2504 lentibuS,illius
2213 2435 2469 2489 usum
2533 2405 3141 2490 interdixerint
3213 2462 3235 2485 .
3334 2405 3518 2489 Nec
3587 2407 3904 2487 mirum
3975 2401 4252 2489 videri

1447 2522 1704 2611 debet
1750 2531 1902 2613 hos
1965 2531 2220 2612 libros
2257 2535 2602 2640 ‚inquit
2669 2530 3023 2616 Cardin.
3076 2527 3320 2615 Gotti
3387 2535 3477 2613 in
3543 2558 3858 2641 opere:
3908 2531 3990 2616 V
3988 2530 4254 2613 eritas·

1446 2654 1926 2772 Religionis
1998 2656 2539 2740 Christianae
2615 2658 2778 2742 ἃς.
2867 2684 3055 2766 cap.
3109 2686 3135 2735 ι
3172 2688 3246 2737 1.
3347 2657 3502 2738 sub
3591 2658 3861 2737 finem
3931 2661 4007 2762 §.
4044 2674 4164 2740 VI.
4219 2710 4251 2757 ,

1446 2776 1662 2862 adeo
1712 2780 1971 2864 fuisse
2037 2780 2411 2867 foedatos
2449 2843 2479 2885 ‚
2504 2788 2703 2894 quia
2767 2799 3150 2865 auctores
3184 2784 3582 2864 omnium
3615 2780 3795 2862 fere
3835 2779 4252 2861 librorum
4339 2878 4344 2885 ⁴

1444 2931 1497 2987 a
1551 2902 1886 3019 Judaeis
1950 2926 2143 3019 post
2206 2907 2559 2994 Esdram
2630 2909 3056 2993 editorum
3120 2967 3148 3009 ,
3204 2910 3343 2994 vel
3403 2901 3880 2991 eorundem
3941 2905 4250 3020 glossa-

1446 3046 1671 3115 tores
1729 3033 2384 3135 fuere‚nedu1n
2436 3036 2638 3119 odio
2703 3035 3213 3145 implacabili
3279 3053 3581 3118 contra
3655 3033 4248 3115 Christianum

1446 3181 1779 3241 nomen
1838 3178 2325 3244 aestuantes
2389 3217 2422 3260 ‚
2487 3154 2793 3245 verum
2847 3155 3161 3241 sordidi
3230 3217 3260 3260 ‚
3317 3189 3414 3245 ac
3473 3162 3678 3244 viles
3748 3154 4247 3238 infimarum

1443 3285 1759 3368 artium
1822 3285 2169 3398 opifices
2204 3344 2234 3388 ‚
2269 3288 2421 3397 qui
2477 3288 2962 3399 saepissime
3018 3288 3293 3398 turpis
3352 3289 3567 3369 lucri
3603 3345 3633 3389 ‚
3666 3299 3813 3366 aut
3848 3279 4246 3366 adulatio-

1442 3412 1584 3491 nis
1639 3415 1903 3523 gratia
1939 3470 1969 3514 ‚
1995 3412 2136 3495 vel
2195 3431 2293 3496 ut
2347 3412 2731 3529 paganos
2798 3408 3310 3525 deciperent
3371 3431 3523 3505 aut
3584 3410 4090 3502 Christianis
4152 3404 4246 3491 il-

1442 3529 1845 3626 luderent
1874 3595 1908 3649 ,
1936 3538 2136 3628 talia
2196 3543 2925 3629 consarcinatum
2959 3593 2985 3619 .

2654 3799 2737 3904 §-
2859 3783 3029 3877 lv:

1998 4041 2139 4127 De
2190 4040 2830 4156 incorruptione
2899 4044 3232 4129 Tea-tus
3281 4042 3652 4129 Hebutei
3682 4101 3708 4128 .

1438 4179 1852 4411 Longe
1898 4319 1951 4377 a
2002 4318 2212 4380 vero
2275 4292 2669 4407 profecto
2730 4296 3061 4378 abesset
3126 4293 3511 4404 quisquis
3574 4294 3680 4377 ab
3723 4285 4246 4410 Judaeorum

1437 4423 1884 4534 impietate
1918 4477 1949 4522 ,
1978 4447 2079 4503 ac
2124 4422 2447 4504 malitia
2504 4447 2790 4533 nuper
2850 4439 3528 4503 commemorata
3580 4478 3612 4522 ‚
3658 4423 3753 4502 in
3848 4418 4246 4531 suspicio·

1438 4567 1656 4631 nem
1712 4542 2281 4630 adduceretur
2335 4543 2443 4629 de
2489 4547 2860 4629 Hebraei
2913 4546 3238 4629 Textus
3317 4544 3712 4629 hodierni
3801 4549 3893 4628 in
3989 4541 4246 4624 rebus

1441 4675 1739 4788 magni
1827 4674 2260 4755 momenti
2312 4676 2870 4785 corruptione
2933 4734 2956 4755 .
3021 4669 3494 4782 Nunquam
3561 4673 3982 4756 Ecclesiae
4043 4686 4248 4750 suae

1436 4794 1672 4881 Deus
1715 4796 2125 4911 Optimus
2184 4798 2620 4883 Maximus
2682 4797 2958 4883 detuit
3010 4802 3103 4882 in
3178 4802 3671 4883 necessariis
3715 4857 3743 4902 ‚
3777 4816 4037 4907 atque
4104 4794 4245 4872 in-

1436 4941 1697 5034 super
1761 4924 1981 5009 illius
2040 4928 2633 5045 integritatem
2696 4929 2793 5008 in
2856 4928 2956 5006 ils
2993 4982 3021 5024 ‚
3055 4952 3270 5033 quae
3320 4922 3425 5007 ad
3490 4922 3749 5009 fidem
3785 4937 4245 5031 moresque

1439 5055 1893 5161 pertinent
1922 5110 1958 5163 2
1988 5047 2263 5146 adhuc
2306 5079 2750 5167 superesse
2793 5052 3176 5167 pluribus
3243 5050 3564 5141 confici
3628 5069 3913 5165 potest
3964 5109 3986 5132 .
4034 5047 4245 5192 ‘Dis-

3988 5197 4242 5261 sunu·
