4913 6618
1520 586 1574 642 o

1440 586 1685 769 jetur
1722 736 1753 784 ,
1814 676 2075 764 hacce
2107 674 2385 763 forma
2465 697 2679 761 ···.··.··
2719 731 2748 780 ,
2811 666 3253 763 dicebatur
3273 671 3977 791 Hipolemniscus
4006 736 4029 760 .
4066 674 4257 766 Ori-

1441 835 1711 928 genes
1762 809 1862 891 iis
1906 832 2103 890 usus
2153 823 2280 891 est
2331 806 2567 915 juxta
2618 803 3203 917 Epiphanium
3240 861 3273 908 ‚
3335 822 3435 887 ut
3496 829 3704 888 cum
3774 806 3868 887 in
3939 800 4250 891 editio·

1440 963 1565 1020 ne
1626 951 1830 1018 Lxx.
1889 950 2381 1018 occurreret
2448 962 2617 1018 vox
2699 932 2983 1041 aliqua
3049 959 3238 1014 non
3299 933 3761 1018 cohaerens
3825 988 3856 1032 ‚
3956 957 4251 1045 neque

1439 1062 1622 1147 aliis
1677 1088 2076 1147 connexa
2119 1118 2150 1165 ,
2212 1059 2839 1179 intelligeretur
2897 1058 3129 1141 illam
3216 1086 3266 1141 a
3357 1059 3586 1142 binis
3664 1060 4249 1171 interpretum

1440 1189 1784 1303 paribus
1835 1214 2171 1274 versam
2228 1184 2487 1271 fuisse
2524 1246 2554 1289 ‚
2616 1189 2686 1267 si
2751 1180 3243 1269 afficeretur
3295 1184 3833 1284 Lemnisco;
3897 1183 3984 1270 81
4030 1213 4079 1269 a
4125 1186 4246 1269 bi-

1440 1320 1586 1400 nis
1638 1330 1989 1398 tantum
2070 1315 2688 1425 interpretibus
2758 1313 2878 1392 ita
2931 1337 3266 1397 versam
3332 1366 3363 1414 ,
3452 1312 3523 1391 si
3588 1308 4249 1419 Hipolemnisco

1436 1456 1886 1524 notaretur
1928 1497 1951 1520 .
2017 1438 2464 1522 Praeterea
2528 1437 3187 1522 translationem
3242 1463 3588 1547 quoque
3643 1453 3845 1517 Lxx.
3931 1438 4024 1518 in
4113 1436 4245 1520 lu-

1435 1590 1637 1650 cem
1687 1564 2044 1677 protulit
2099 1566 2216 1648 ita
2280 1584 2664 1679 paratam
2691 1619 2722 1668 ‚
2784 1581 2884 1648 ut
2935 1563 3254 1648 Textui
3324 1580 3529 1646 Lxx.
3608 1565 3766 1648 sub
3843 1566 4245 1647 asterisco

1432 1691 1896 1775 inseruerit
1930 1751 1963 1795 ‚
2021 1717 2241 1802 quae
2301 1693 2630 1777 Tex'tus
2700 1689 3141 1776 Hebraeus
3206 1690 3617 1794 haberet3
3683 1688 3927 1773 obelo
3994 1709 4239 1774 nota-

1436 1819 1729 1920 verit·‚
1790 1844 2012 1930 quae
2079 1817 2640 1936 Septuaginta
2683 1817 3207 1932 Interpretes
3260 1817 3577 1903 Textui
3635 1817 4027 1901 Hebraeo
4097 1813 4239 1900 ad-

1434 1938 1823 2048 debant;
1891 1970 2074 2029 non
2134 1941 2369 2057 quod
2434 1947 2576 2029 illa
2631 1938 2923 2030 deesse
2949 2002 2980 2049 ,
3044 1945 3253 2028 haec
3310 1973 3521 2032 vero
3569 1969 4009 2055 superesse
4076 1946 4244 2028 exi-

1433 2073 1825 2155 stimaret
1861 2128 1892 2172 ‚
1952 2067 2104 2153 sed
2171 2089 2271 2156 ut
2325 2065 2822 2157 ostenderet
2887 2130 2920 2176 ‚
2981 2097 3203 2181 quae
3274 2070 3571 2188 Judaei
3662 2074 3757 2152 in
3834 2068 4239 2158 Christia-

1433 2221 1757 2280 norum
1809 2193 2100 2281 Textu
2154 2194 2519 2284 deficere
2555 2256 2585 2301 ‚
2644 2215 2796 2281 aut
2844 2193 3279 2282 abundare
3343 2195 3738 2282 dicerent
3771 2255 3802 2300 ‚
3863 2225 4080 2308 quae
4114 2227 4243 2283 re-

1430 2338 1828 2406 secarent
1863 2376 1897 2425 ,
1956 2319 2240 2433 quoad
2303 2327 3053 2410 concertationem
3107 2347 3315 2408 cum
3358 2321 3692 2439 Judaeis
3746 2324 4244 2408 instructio-

1431 2474 1569 2533 res
1630 2446 2100 2533 Christiani
2165 2448 2615 2563 prodirent
2652 2506 2681 2552 ,
2743 2452 3285 2564 propriisque
3345 2453 3728 2561 ipsorum
3760 2451 4019 2531 armis
4054 2449 4237 2535 illos

1428 2569 2012 2658 confoderent
2046 2635 2078 2681 ,
2137 2602 2311 2663 nec
2368 2604 2552 2661 non
2613 2574 2881 2662 etiam
2940 2594 3450 2690 argumenta
3493 2569 4046 2686 explicandae
4081 2633 4114 2681 ,
4145 2574 4236 2663 ἃ

1428 2697 1976 2784 illustrandae
2033 2718 2235 2784 Lxx.
2293 2703 2887 2812 Interpretum
2935 2703 3481 2786 translationi
3551 2697 4169 2812 depromerent
4202 2762 4230 2789 .

1426 2824 1668 2911 Haec
1726 2827 1950 2911 Bern
1963 2823 2211 2912 ardus
2273 2827 2561 2940 Lamy
2621 2825 2907 2913 laudat
2958 2854 3063 2911 ex
3096 2825 3456 2911 Morino
3487 2830 3575 2911 in
3615 2822 3941 2939 Appar.
4010 2827 4231 2917 Bibl.

1426 2950 1574 3035 lib.
1604 2980 1691 3036 2·
1751 2980 1935 3068 cap.
1985 2983 2125 3069 13.
2185 2953 2634 3038 Postremo
2695 3012 2726 3061 ‚
2788 2953 2933 3039 vel
2996 2953 3482 3066 penultimo
3552 2953 3743 3035 loco
3807 2979 4232 3040 memora-

1422 3092 1606 3161 tam
1667 3098 1869 3162 Lxx.
1937 3075 2652 3166 emendationem
2707 3083 2879 3163 suis
2919 3074 3325 3192 Hexaplis
3354 3077 3777 3194 Origenes
3808 3080 4174 3165 inseruit
4198 3143 4230 3190 ‚

1422 3199 1511 3288 8(
1560 3205 2110 3317 Hieronymo
2177 3222 2591 3291 assertore
2650 3209 2973 3291 meruit
3023 3206 3426 3319 appellari
3488 3207 3576 3293 V
3567 3206 3960 3325 al'qatam
3997 3265 4030 3312 ‚
4087 3209 4227 3292 iti.

1420 3325 1802 3443 demque
1862 3332 2458 3417 Palaestinam
2498 3391 2530 3437 ,
2591 3351 2694 3417 ut
2727 3337 2818 3416 in
2832 3336 3023 3444 quit
3047 3334 3436 3436 Praefat.
3503 3336 3600 3416 in
3668 3331 3815 3414 lib.
3885 3332 4228 3419 Parali-

1402 3484 1656 3571 pom.
1694 3514 1727 3562 ,
1790 3483 1897 3542 eo
1940 3454 2175 3572 quod
2230 3460 2338 3543 ab
2398 3459 2801 3544 Ecclesiis
2863 3460 3385 3543 Palaestinae
3419 3517 3450 3562 ‚
3510 3456 3599 3544 ἃ
3662 3456 3958 3569 Syriae
4020 3459 4227 3548 fiais-

1420 3600 1554 3667 set
1608 3602 1955 3696 recepta
1979 3644 2002 3669 .
2070 3582 2404 3670 Rursus
2455 3583 2691 3671 idem
2758 3584 2844 3667 S.
2878 3586 3208 3670 Doctor
3260 3587 3355 3667 in
3411 3582 3784 3694 Epistola
3846 3581 3953 3668 ad
4010 3585 4230 3674 Sun-

1419 3712 1668 3795 niam
1702 3767 1733 3814 ,
1794 3709 1882 3795 ἃ
1937 3710 2392 3796 Fretellam
2438 3709 2547 3796 de
2610 3714 2752 3796 illa
2811 3716 2932 3796 sic
2966 3713 3398 3822 loquitur:
3466 3710 3586 3793 Ea
3619 3725 3910 3794 autem
3936 3767 3967 3814 ,
4001 3741 4226 3825 quae

1416 3833 1779 3921 habetur
1842 3839 1938 3918 in
2002 3834 2411 3947 Hexaplis
2449 3897 2481 3941 ‚
2541 3837 2629 3923 ἃ
2682 3864 2946 3949 quam
3034 3864 3194 3922 nos
3250 3839 3666 3924 vertimus
3722 3895 3754 3941 ,
3838 3839 4019 3949 ipsa
4090 3861 4223 3927 est

1417 3986 1644 4071 quae
1706 3964 1804 4045 in
1872 3956 2414 4044 eruditorum
2435 3962 2665 4045 libris
2699 3966 3201 4078 incorrupta
3234 4024 3264 4068 ‚
3326 3961 3988 4050 &immaculata
4019 3985 4221 4059 Lxx.

1418 4085 2013 4199 Interpretum
2065 4085 2557 4172 Translatio
2605 4106 3087 4176 reservatur
3122 4149 3145 4174 .
3190 4086 3636 4203 Quidquid
3696 4118 3902 4209 ergo
3934 4094 4037 4175 ab
4057 4092 4217 4180 hac

1415 4208 1843 4327 discrepat
1875 4271 1908 4319 ,
1974 4211 2194 4295 nulli
2236 4208 2597 4299 dubium
2631 4236 2760 4302 est
2789 4273 2822 4320 ‚
2878 4219 3094 4327 quin
3162 4216 3283 4302 ita
3334 4215 3422 4302 ἃ
3475 4219 3579 4301 ab
3624 4218 4214 4304 Hebraeorum

1413 4344 1923 4426 auctoritate
1987 4333 2417 4425 discordet
2451 4397 2518 4444 „
2554 4397 2576 4422 .
2633 4342 2953 4429 lsthaec
3014 4371 3223 4431 vero
3255 4397 3288 4444 ‚
3337 4338 3548 4426 dum
3574 4368 3779 4427 cum
3813 4338 3969 4427 illis
4001 4369 4215 4430 con-

1409 4465 1768 4553 ferimus
1801 4525 1833 4571 ,
1890 4490 2111 4580 quae
2139 4469 2480 4577 scripsit
2504 4461 2609 4550 ad
2635 4467 3229 4585 Augustinum
3259 4468 3631 4582 Epistola
3669 4494 3917 4553 nunc
3963 4489 4209 4557 Lxxv.

1412 4620 1924 4711 cogeremur
1972 4617 2340 4676 asserere
2381 4651 2411 4696 ‚
2466 4615 2656 4698 non
2719 4598 2917 4678 satis
2972 4598 3070 4678 in
3131 4595 3531 4679 alterutra
3576 4594 3944 4708 Epistola
4003 4595 4212 4679 Hie-

1411 4746 1888 4835 ronymum
1949 4718 2108 4800 sibi
2151 4720 2641 4803 constitisse
2668 4778 2696 4824 ‚
2750 4723 2983 4827 nisi,
3042 4749 3262 4833 quae
3313 4719 3669 4807 debetur
3721 4738 3972 4807 tanto
4022 4721 4208 4806 Do-

1412 4848 1634 4937 ctori
1693 4847 2181 4932 reverentia
2210 4906 2238 4942 ‚
2292 4846 2542 4929 nobis
2604 4848 2889 4960 potius
2952 4845 3342 4932 suaderet
3404 4908 3436 4954 ,
3509 4854 3601 4932 in
3661 4876 3761 4932 ea
3819 4842 4033 4933 dum
4099 4845 4208 4933 ad

1410 4974 2008 5089 Augustinurn
2065 4976 2469 5056 scriberet
2536 5033 2568 5079 ,
2626 4972 2888 5059 fuisse
2939 4977 3361 5089 opinione
3417 5035 3445 5071 ,
3510 4972 3745 5086 quod
3801 4972 3943 5060 hic
4001 5001 4207 5086 prae

1412 5102 1812 5194 manibus
1862 5101 2209 5189 haberet
2294 5095 2771 5188 editionem
2822 5121 3014 5188 m.
3054 5160 3088 5211 ,
3155 5103 3672 5216 scriptorum
3751 5104 4208 5190 oscitantia

4078 5253 4206 5312 νι-
