4913 6618
1536 580 1591 642 α

1466 584 1764 763 {amen
1802 679 2131 760 etiamsi
2160 693 2728 791 perpetrasset
2764 734 2795 783 ‚
2854 679 3278 765 maculam
3329 668 3745 792 martyrio
3809 677 4266 765 abstersis-s

1465 822 1597 887 set
1631 836 1655 885 :
1725 820 2095 888 mortem
2153 808 2475 919 quippe
2527 802 3078 889 Nicomediae
3110 834 3270 917 pro
3302 805 3643 891 Christo
3687 807 3943 890 subiit
3975 865 4004 910 ,
4069 803 4260 890 Ma-

1466 931 1802 1014 ximino
1857 933 1951 1010 in
2014 928 2542 1014 Christianos
2608 931 3043 1015 saeviente
3084 990 3112 1035 9
3176 949 3632 1043 postquam
3681 958 3971 1016 coram
4005 936 4192 1043 ipso
4225 985 4260 1036 ‚

1462 1083 1629 1169 pro
1695 1055 2099 1138 catholica
2155 1054 2319 1139 fide
2357 1117 2383 1159 ‚
2446 1057 3065 1172 apologeticam
3099 1051 3421 1140 dixerat
3457 1062 3939 1141 orationem
3977 1114 4002 1138 .
4069 1056 4258 1139 He-

1463 1182 1809 1292 sychius
1876 1209 2220 1291 quoque
2281 1188 2660 1293 primum
2694 1181 3177 1264 Monachus
3215 1239 3243 1284 ,
3307 1178 3627 1266 deinde
3681 1187 3779 1265 in
3846 1183 4258 1296 Aegypto

1461 1307 1930 1418 Episcopus
1969 1363 1996 1405 ‚
2059 1325 2278 1385 teste
2333 1308 2691 1389 Eusebio
2765 1307 2908 1387 lib.
2945 1325 3134 1393 V111.
3192 1333 3376 1418 cap.
3430 1339 3570 1423 13.
3612 1366 3644 1412 ,
3708 1309 3862 1390 sub
3945 1304 4253 1392 eodem

1462 1428 1951 1515 Maximino
2008 1435 2398 1542 martyrii
2459 1433 2830 1542 palmam
2894 1452 3475 1541 consequutus
3541 1432 4097 1548 Septuaginta
4119 1433 4251 1516 vi·-

1463 1557 1615 1638 rali
1672 1552 2267 1669 expurgandae
2323 1585 2674 1670 operam
2719 1551 3125 1657 dederat3
3195 1558 3551 1668 ejusque
3615 1554 3879 1641 editio
3915 1575 4108 1640 tum
4147 1556 4252 1640 ab

1459 1681 1855 1768 Ecclesiis
1921 1679 2301 1796 Aegypti
2370 1740 2399 1784 ‚
2491 1702 2682 1767 tum
2747 1681 3312 1764 finitimarum
3376 1687 3834 1798 regionum
3897 1684 4251 1793 probata

1458 1800 1627 1891 fuit
1663 1865 1692 1907 ‚
1755 1822 2010 1917 atque
2071 1800 2406 1890 retenta
2440 1869 2467 1904 ‚
2529 1826 2629 1890 ut
2673 1805 3263 1917 Hieronymus
3327 1813 3620 1892 asserit
3688 1809 4092 1906 Praefat.
4150 1808 4243 1888 in

1461 1933 1844 2043 Paralip.
1879 1988 1906 2032 ‚
1958 1930 2043 2016 ἃ
2093 1931 2235 2014 lib.
2278 1953 2368 2016 11.
2438 1951 2744 2017 contra
2827 1931 3300 2015 Ruffinum
3371 1989 3395 2010 .
3489 1932 3844 2019 Novum
3932 1936 4253 2044 pariter

1456 2055 2117 2141 Testamentum
2145 2057 2679 2170 Hesychium
2706 2082 2892 2139 non
2919 2082 3160 2140 secus
3197 2114 3227 2159 ‚
3289 2082 3385 2140 ac
3415 2056 3909 2144 Lucianum
3946 2084 4250 2142 emen-

1456 2179 1693 2264 dasse
1730 2237 1757 2281 ‚
1823 2177 2055 2263 idem
2119 2179 2202 2262 S.
2240 2180 2565 2267 Doctor
2620 2177 2990 2263 affirmat
3022 2181 3405 2279 Praefat.
3443 2182 3534 2262 in
3568 2184 4177 2301 Evangelistas
4210 2239 4246 2288 ,

1455 2309 1611 2390 ubi
1674 2302 1781 2388 de
1848 2308 1950 2387 iis
2006 2306 2269 2390 hocce
2329 2307 2653 2419 profert
2717 2306 3211 2389 censorium
3276 2302 3700 2415 judicium
3743 2365 3767 2386 .
3860 2307 4252 2392 Praeter·-

1452 2435 1712 2518 mitto
1768 2456 1911 2513 eos
1969 2428 2305 2515 codices
2339 2486 2371 2536 ‚
2433 2459 2649 2545 quos
2713 2457 2764 2513 a
2834 2430 3226 2515 Luciano
3263 2487 3290 2532 ,
3352 2428 3440 2514 ἃ
3494 2430 3931 2543 Hesychio
4006 2458 4247 2517 nun·

1453 2575 1814 2669 cupatos
1873 2613 1903 2656 ‚
1989 2583 2464 2667 paucorum
2527 2558 2990 2641 hominum
3044 2558 3338 2637 asserit
3401 2582 3797 2666 perversa
3860 2574 4246 2643 conten-

1449 2685 1639 2766 tio:
1711 2681 2014 2792 quibus
2072 2686 2371 2794 utique
2433 2709 2601 2767 nec
2660 2686 2756 2764 in
2815 2698 3001 2768 toto
3030 2678 3325 2765 Veteri
3358 2679 3950 2769 Instrumento
3982 2739 4015 2787 ,
4049 2701 4250 2795 post

1450 2825 1656 2892 LXX.
1723 2809 2242 2918 interpretes
2332 2804 2794 2893 emendare
2880 2802 3090 2918 quid
3151 2806 3398 2889 licuit
3453 2863 3483 2908 ‚
3544 2835 3726 2900 nec⁴
3796 2812 3894 2893 in
3990 2807 4249 2897 Novo

1444 2933 1787 3046 proficit
1831 2930 2382 3017 emendasse:
2438 2959 2642 3015 cum
2713 2931 3183 3016 multarum
3214 2925 3641 3017 Gentium
3673 2934 3990 3051 linguis
4022 2933 4246 3021 Scri-

1443 3077 1699 3172 ptura
1754 3075 1961 3142 ante
2009 3059 2414 3144 translata
2462 3056 2762 3142 doceat
2790 3115 2818 3160 ‚
2879 3054 3084 3140 falsa
3118 3081 3296 3139 esse
3330 3083 3545 3167 quae
3575 3055 3855 3143 addita
3890 3080 4182 3166 sunt„
4212 3119 4239 3148 .

1441 3179 1606 3270 Ast
1654 3183 1760 3268 de
1822 3185 1983 3269 hoc
2051 3188 2312 3269 etiam
2374 3180 2462 3265 S.
2501 3184 2874 3268 Doctore
2941 3207 3221 3266 sermo
3278 3208 3458 3265 esse
3510 3183 3766 3268 debet
3792 3243 3824 3290 ,
3886 3188 4036 3270 ubi
4070 3192 4244 3304 agi-
4290 3288 4303 3298 ⁶

1442 3328 1591 3393 tur
1657 3307 1764 3394 de
1817 3314 2119 3423 priscis
2177 3306 2700 3396 editionibus
2768 3326 2972 3393 Lxx.
3028 3306 3263 3392 Huic
3318 3306 3407 3394 ἅ
3468 3314 3648 3422 ipse
3715 3369 3746 3414 ‚
3837 3308 4242 3402 hortante

1437 3431 1778 3554 Magno
1833 3434 2327 3553 Augustino
2360 3489 2392 3539 ‚
2451 3461 2819 3521 manum
2878 3435 3268 3548 apposuit
3302 3493 3332 3536 ‚
3391 3453 3491 3521 ut
3515 3436 3789 3520 latino
3845 3436 4241 3527 Idiomati

1437 3560 1839 3648 redderet
1871 3620 1903 3666 ,
1964 3580 2223 3675 atque
2287 3565 2647 3674 insuper
2709 3560 2940 3646 illam
3005 3557 3650 3674 diligentissime
3680 3561 4183 3652 emendavit
4207 3625 4233 3651 .

1434 3685 2034 3806 Augustinum
2078 3686 2189 3773 de
2247 3704 2448 3771 LXX.
2508 3684 2935 3771 Versione
2987 3683 3254 3768 latine
3306 3684 3725 3773 vertenda
3779 3688 4105 3773 Hieron
4117 3717 4228 3802 y-

1435 3843 1586 3904 mo
1642 3831 2085 3901 auctorem
2132 3812 2391 3897 fixisse
2428 3870 2460 3914 ,
2523 3813 2827 3920 exejus
2861 3810 3235 3923 Epistola
3274 3811 3485 3896 olim
3528 3828 3615 3895 X.
3648 3872 3681 3918 ‚
3743 3838 3988 3898 nunc
4025 3827 4230 3900 Lxx.

1433 3957 1728 4050 aperte
1794 3941 2292 4024 evincitur:
2360 3937 2827 4047 Postquam
2892 3941 3137 4021 enim
3199 3942 3505 4052 gratias
3570 3941 3689 4021 ibi
3759 3943 3934 4055 agit
4021 3940 4228 4027 Hie.

1435 4089 1816 4175 ronymo
1850 4121 1881 4165 ‚
1943 4062 2054 4145 de
2119 4060 2588 4177 Evangelio
2649 4089 2755 4147 ex
2817 4059 3150 4147 Graeco
3210 4059 3575 4149 fideliter
3605 4068 4173 4178 interpretato
4197 4123 4235 4174 ,

1428 4190 1942 4305 subjungit:
2008 4189 2492 4272 Plurimum
2546 4188 3010 4302 profeceris
3043 4247 3073 4292 ‚
3134 4193 3207 4271 si
3268 4214 3462 4274 eam
3509 4187 3931 4275 Graecam
3987 4189 4223 4276 Scri-

1424 4332 1779 4429 pturam
1816 4374 1843 4416 ‚
1908 4343 2170 4426 quarn
2201 4316 2765 4432 Septuaginta
2824 4318 3155 4427 operati
3213 4328 3420 4398 sunt
3476 4371 3507 4420 ‚
3571 4316 3933 4401 Latinae
3991 4320 4224 4404 veri·

1426 4444 1586 4528 tati
1642 4439 2173 4526 reddideris:
2238 4466 2462 4551 quae
2523 4444 2618 4523 in
2688 4436 3042 4529 diversis
3107 4434 3717 4526 Codicibusita
3770 4446 4001 4528 varia
4033 4461 4162 4527 est
4187 4500 4222 4548 ,

1425 4588 1532 4653 ut
1595 4568 1938 4650 tolerari
2004 4572 2153 4653 vix
2216 4567 2480 4678 possit
2540 4623 2572 4669 ,
2633 4562 2720 4650 ἃ
2811 4570 2933 4650 ita
3023 4582 3415 4677 suspecta
3448 4625 3479 4670 ,
3541 4593 3663 4651 ne
3717 4572 3814 4651 in
3886 4563 4222 4653 Graeco

1425 4690 1655 4778 aliud
1720 4696 2283 4792 inveniatur:
2350 4707 2449 4774 ut
2513 4687 2726 4776 inde
2789 4687 3111 4803 aliquid
3173 4688 3601 4804 proferri,
3664 4709 3812 4776 aut
3875 4693 4220 4804 probari

1402 4816 1866 4907 -dubitctur
1898 4876 1962 4923 ‚,
1999 4877 2022 4900 .
2089 4820 2685 4929 Hieronymus
2746 4843 2957 4903 vero
2989 4874 3021 4920 ,
3083 4815 3442 4914 neduma
3478 4815 3950 4933 Augustini
4005 4843 4219 4903 con-

1421 4946 1712 5030 silium
1758 4945 2152 5058 implevit
2185 5002 2217 5048 ,
2275 4968 2584 5030 verum
2648 4945 2910 5029 etiam
2956 4939 3514 5058 Septuaginta
3545 4966 3860 5029 senum
3905 4948 4218 5030 versio-

1370 5067 1379 5082 “
1422 5096 1639 5162 nem
1692 5099 1854 5188 pro
1916 5073 2236 5166 viribus
2295 5063 2793 5174 emendavit
2816 5127 2841 5158 .
2903 5066 3004 5160 Id
3062 5094 3320 5186 porro
3348 5064 3725 5164 affirmat
3771 5066 3857 5155 S.
3889 5067 4216 5220 Docto:-

4118 5219 4221 5283 m
