4913 6618
1515 528 1698 622 168

2680 664 2767 774 §.
2890 655 3152 753 XVI.

2097 907 2233 997 De
2295 907 2383 1000 V
2374 911 2705 1000 ers-ione
2733 913 3252 1030 Aethiopica
3283 973 3315 1020 ,
3337 911 3699 1027 aliisque
3731 966 3756 997 .

1510 1045 1952 1248 Saeculo
2000 1160 2420 1251 Ecclesiae
2480 1183 2603 1253 lv.
2685 1165 2862 1274 jam
2951 1191 3184 1252 sacra
3271 1163 3906 1277 scripturarum
3971 1163 4313 1253 oracula

1507 1286 2068 1399 Aethiopicae
2109 1351 2139 1395 ‚
2198 1293 2550 1400 aliisque
2610 1292 2925 1408 linguis
2981 1289 3308 1376 reddita
3358 1294 3734 1376 extitisse
3797 1349 3829 1395 ‚
3892 1293 4323 1406 amplissi-

1511 1440 1709 1499 mus
1764 1419 2007 1498 testis
2064 1436 2196 1500 est
2256 1416 2341 1499 8.
2371 1416 2807 1532 Johannes
2850 1406 3515 1531 Chrysostomus
3576 1416 3868 1502 homil.
3921 1447 3997 1502 1.
4028 1421 4124 1501 in
4156 1417 4309 1534 Jo-

1507 1538 1900 1626 hannem
1964 1543 2346 1626 scribens
2384 1573 2405 1622 =
2471 1540 2730 1654 Syros
2754 1598 2785 1646 ‚
2846 1539 3314 1655 Aethiopes
3350 1599 3380 1645 ,
3415 1538 3891 1659 Aegyptios
3926 1598 3957 1646 ‚
3988 1539 4249 1626 Indos
4273 1597 4308 1646 ‚

1512 1663 1803 1752 Persas
1832 1723 1861 1765 ‚
1921 1661 2010 1749 ἃ
2070 1669 2386 1753 multos
2452 1668 2655 1751 alios
2686 1669 3040 1781 populos
3075 1726 3107 1772 ‚
3169 1669 3478 1753 habere
3506 1669 3763 1753 libros
3792 1694 4068 1753 sacros
4101 1694 4307 1780 pro·

1511 1794 1705 1903 prio
1767 1788 2172 1878 idiomate
2225 1792 2692 1906 descriptos
2728 1853 2794 1898 9,
2856 1850 2879 1873 .
2942 1790 3184 1879 Idem
3231 1790 3492 1882 tradit
3553 1793 3641 1877 S.
3699 1795 3793 1879 Ρ.
3854 1792 3971 1878 Α.
4026 1793 4175 1877 lib.
4208 1808 4302 1875 11.
4426 1855 4443 1872 .

1509 1913 1622 1998 de
1683 1916 1984 2000 Doctr.
2057 1919 2373 2003 Christ.
2427 1947 2618 2031 cap.
2653 1938 2744 2008 v.
2814 1919 2965 2003 ubi
3015 1920 3310 2030 inquit
3361 1950 3387 2001 ε
3490 1920 3857 2004 Factum
3904 1933 4035 2004 est
4081 1976 4114 2023 ‚
4205 1931 4308 2005 ut

1515 2043 1779 2125 etiam
1835 2038 2270 2155 Scriptura
2326 2041 2626 2130 divina
2693 2103 2726 2150 ‚
2788 2072 2960 2157 qua
3019 2050 3287 2128 tantis
3350 2047 3666 2128 morbis
3729 2044 4312 2129 humanarum

1517 2167 2072 2254 voluntatum
2138 2172 2648 2256 subvenitur
2711 2227 2743 2273 ,
2837 2172 2944 2255 ab
3001 2176 3180 2253 una
3250 2166 3548 2284 lingua
3599 2167 3984 2282 profecta
4042 2225 4073 2273 ‚
4134 2195 4312 2278 qua

1516 2311 2011 2405 opportune
2067 2299 2355 2407 potuit
2406 2324 2565 2410 per
2618 2295 2918 2380 orbem
2978 2312 3405 2381 terrarum
3458 2292 3997 2378 disseminari
4057 2349 4089 2395 ‚
4150 2317 4311 2405 per

1513 2424 1783 2505 varias
1845 2419 2435 2536 Interpretum
2496 2424 2827 2539 linguas
2877 2422 3139 2540 longe
3174 2477 3206 2523 ‚
3267 2420 3611 2531 lateque
3670 2415 3972 2502 diffusa
4035 2418 4306 2502 inno·-

1518 2561 1886 2629 tesceret
1934 2551 2340 2662 gentibus
2392 2546 2502 2632 ad
2546 2550 2910 2632 salutem
2964 2605 3031 2652 ‚‚
3096 2604 3122 2629 .
3187 2546 3590 2658 Quanam
3625 2571 3861 2632 vero.
3890 2542 4308 2630 Ecclesiae

1512 2686 1791 2754 aetate
1851 2669 2360 2786 Aethiopica
2419 2671 2724 2758 Versio
2774 2677 3159 2784 primum
3190 2673 3664 2758 obtinuerit
3698 2728 3730 2773 ‚
3789 2664 4310 2783 perarduum

1512 2814 1646 2880 est
1697 2792 2060 2881 definire
2094 2855 2117 2881 .
2184 2798 2362 2885 Etsi
2429 2794 2638 2882 illud
2670 2799 2931 2910 plane
2963 2801 3549 2880 innotesceret
3584 2855 3616 2900 ‚
3648 2823 3825 2908 quo
3860 2820 4063 2881 vere
4089 2811 4307 2879 tem-

1509 2946 1724 3034 pore
1776 2921 2344 3039 Evangelium
2399 2926 2894 3038 pervenerit
2944 2920 3053 3007 ad
3100 2917 3647 3035 Aethiopiam
3680 2978 3712 3024 ‚
3775 2945 4021 3005 nunc
4053 2918 4306 3004 Abis-

1508 3046 1823 3130 siniam
1923 3047 1970 3158 (
2033 3068 2370 3161 partem
2427 3053 2847 3133 nimirum
2902 3045 3248 3132 Africae
3318 3107 3351 3154 ‚
3447 3073 3668 3159 quae
3755 3044 3861 3130 ad
3943 3044 4304 3132 Boream

1510 3170 2015 3289 Aegyptum
2076 3173 2332 3260 habet
2366 3234 2398 3279 ‚
2460 3173 2567 3259 ad
2629 3168 3081 3259 meridiem
3131 3173 3458 3258 lineam
3489 3172 4240 3284 Aequinoctialem
4274 3224 4308 3275 ,

1508 3295 1620 3382 ad
1681 3316 1972 3383 ortum
2021 3326 2259 3387 mare
2324 3303 2684 3385 rubrum
2750 3356 2781 3404 ‚
2842 3295 2949 3383 ad
3004 3325 3404 3411 occasum
3466 3298 3841 3383 Nubiam
3903 3295 3951 3411 )
4028 3293 4306 3383 adhuc

1508 3420 1620 3506 de
1681 3441 1916 3507 certa
1946 3421 2501 3539 Aethiopicae
2538 3423 2981 3523 Versionis
3011 3441 3285 3510 aetate
3310 3481 3341 3529 ‚
3402 3422 3623 3509 foret
3655 3421 4248 3510 haesitandum
4272 3477 4304 3506 .

1506 3545 1800 3633 Plures
1862 3549 2123 3637 hacce
2188 3548 2296 3635 de
2350 3579 2444 3636 re
2511 3553 2913 3638 invenire
2976 3568 3106 3634 est
3166 3553 3641 3635 sententias
3676 3610 3706 3654 ‚
3768 3575 4130 3661 quarum
4180 3567 4307 3632 ta-

1508 3702 1719 3761 men
1789 3676 1997 3760 aliae
2053 3678 2249 3762 alias
2312 3675 2690 3763 elidant.
2758 3674 2902 3761 Ab
2971 3676 3378 3761 eunucho
3440 3676 3585 3760 illo
3639 3672 4071 3763 Candacis
4130 3671 4306 3756 Re.

1506 3805 1764 3920 gissae
1825 3801 2359 3915 Aethiopum
2393 3864 2423 3909 ,
2487 3831 2663 3916 quo
2708 3799 2816 3884 de
2872 3827 3151 3886 sermo
3209 3818 3343 3884 est
3389 3800 3595 3885 Act.
3633 3821 3824 3892 Vm.
3890 3814 4306 3912 repetunt

1503 3927 1918 4013 nonnulli
1965 3954 2265 4012 eorum
2315 3930 2983 4014 conversionem
3009 3987 3033 4012 .
3102 3928 3579 4012 Waltonus
3639 3926 4112 4043 prolegom.
4150 3940 4299 4010 xv.

1510 4050 1712 4135 fidei
1774 4053 2027 4137 initia
2089 4048 2321 4164 apud
2416 4050 2880 4166 Aethiopes
2967 4054 3493 4165 temporibus
3544 4052 4062 4166 Apostolicis
4144 4053 4308 4133 tri·

1504 4179 1694 4264 buit
1730 4235 1759 4282 ‚
1790 4203 1948 4290 per
2006 4177 2550 4263 Matthaeum
2605 4179 2932 4266 scilicet
2964 4234 2995 4282 ‚
3056 4196 3204 4261 aut
3264 4179 3730 4267 Matthiam
3763 4236 3795 4284 ‚
3855 4181 4036 4265 sive
4100 4173 4302 4261 Bar-

1505 4304 2085 4390 tholomaeum
2114 4322 2571 4423 propagata
2599 4335 2625 4388 ε
2686 4322 2776 4390 at
2829 4302 3124 4392 validis
3178 4307 3270 4387 in
3283 4308 3452 4392 niti
3500 4300 4094 4390 fundamentis
4117 4324 4305 4385 non

1506 4432 2027 4516 assentimur
2056 4489 2089 4538 ,
2151 4457 2257 4516 eo
2309 4434 2575 4517 etiam
2649 4432 3017 4516 nomine
3080 4429 3314 4544 quod
3369 4429 3477 4514 de
3526 4428 4139 4544 Apostolorum
4200 4428 4299 4510 in

1502 4555 2059 4667 Aethiopiam
2117 4554 2658 4667 profectione
2712 4613 2744 4661 ‚
2805 4558 2904 4638 in
2997 4556 3227 4639 libris
3272 4551 3807 4669 Aethiopum
3861 4557 3975 4638 sit
4024 4551 4303 4637 altum

1503 4681 1956 4764 silentium
1989 4735 2012 4761 .
2077 4681 2609 4797 Ludolphius
2663 4706 2769 4765 ex
2818 4678 3192 4764 Ruffino
3244 4682 3387 4765 lib.
3434 4711 3513 4765 1.
3568 4683 3894 4766 Histor.
3925 4677 4305 4780 Eccles.,

1504 4808 1899 4917 itemque
1947 4831 2054 4889 ex
2111 4806 2456 4894 Socrate
2486 4867 2516 4912 ,
2578 4831 2678 4891 ac
2723 4803 3248 4892 Theodorito
3280 4864 3312 4912 ‚
3373 4804 3618 4891 Fidei
3672 4824 4016 4893 nostrae
4070 4797 4301 4915 apud

1503 4930 1974 5044 Aethiopes
2059 4933 2845 5052 promulgationem
2902 4969 2973 5037 ‚·
3017 4934 3505 5047 auspicatur
3563 4958 3617 5015 a
3676 4930 3764 5016 8.
3828 4928 4306 5016 Athanasio

1503 5057 1934 5175 Episcopo
1995 5054 2598 5149 Alexandrino
2628 5116 2660 5167 ‚
2726 5060 2882 5171 qui
2928 5058 3159 5147 circa
3202 5084 3349 5144 an.
3373 5080 3589 5178 330.
3621 5111 3658 5167 ,
3684 5056 4303 5264 FrumentAum

4181 5204 4277 5267 e-
